2899 3532
132 1206 419 1262 ‘unctionis
445 1234 560 1269 quum
585 1234 674 1258 usus
699 1234 721 1258 a
744 1223 934 1259 veteribus
959 1222 1208 1268 scriptoribus
1238 1225 1339 1257 tam
1332 1220 1548 1267 diligenter
1580 1224 1748 1256 servatus
1781 1225 1837 1257 est
1867 1222 2044 1269 legesque
2075 1233 2096 1257 a
2121 1221 2378 1269 grammaticis
2399 1223 2480 1279 tm
2502 1205 2689 1285 ἱ

118 1277 306 1371 ⁴&sutae
329 1294 369 1333 et
392 1292 621 1329 constitutae
646 1295 752 1337 sunt,
788 1296 847 1337 ut,
872 1292 937 1338 qui
967 1292 1141 1369 idoneam
1174 1292 1365 1328 scribendi
1390 1291 1643 1336 loquendique
1669 1290 1884 1367 facultatem
1910 1290 2037 1336 adepti
2063 1294 2169 1334 sunt,
2193 1301 2281 1326 raro
2305 1287 2545 1334 dubim

171 1410 243 1421 i«s‘

26 1423 65 1466 Ἠ
89 1435 92 1438 ’
119 1424 234 1469 'dlis
239 1430 654 1477 plusquamperfectum
691 1431 858 1467 eiusdem
893 1431 996 1466 modi
1025 1389 1158 1468 melius
1188 1431 1263 1466 dici
1287 1431 1524 1476 putantibus,
1557 1441 1626 1465 nec
1651 1430 1774 1464 minus
1800 1430 1929 1475 quaeri
1954 1432 2096 1475 potest,
2127 1440 2217 1463 num
2241 1418 2433 1474 futurum}

123 1509 405 1546 nonnumquam
418 1498 546 1535 futuro
561 1499 725 1536 secundo
740 1500 935 1536 indicativi
948 1500 1235 1546 praeferendum
1253 1512 1334 1537 esse
1347 1500 1528 1536 videatur.
1576 1500 1704 1535 Etiam
1731 1499 1805 1534 duo
1830 1499 1997 1544 perfecta
2021 1498 2228 1541 indicativi,
2252 1498 2445 1543 quorum
2448 1494 2567 1579 a&
2618 1501 2680 1553 'af-⁴

20 1553 35 1576 ι’
54 1580 78 1606 ’,
122 1579 143 1603 e
158 1566 432 1604 coniunctione
468 1578 584 1612 quum
608 1568 764 1612 pendet,
799 1568 986 1604 mirabilia
1017 1569 1207 1605 interdum
1232 1569 1409 1604 videntur
1432 1580 1520 1613 esse,
1541 1568 1768 1614 justissimas
1794 1571 1919 1603 autem
1944 1567 2203 1603 excusationes
2228 1566 2329 1612 apud
2352 1567 2392 1602 in
2418 1573 2473 1597 :⁴

25 1631 28 1635 ’
71 1676 73 1679 ,
122 1633 205 1673 ores
228 1635 397 1673 homines
421 1636 571 1673 habent.
619 1637 746 1673 Latini
771 1638 868 1672 enim
893 1638 1075 1673 sermonis
1099 1638 1196 1674 ratio
1221 1637 1403 1683 postulat,
1428 1641 1469 1672 ut
1492 1648 1551 1673 res
1576 1640 1662 1672 ante
1686 1640 1793 1672 actae
1817 1647 1894 1673 non
1910 1636 2043 1673 eodem
2059 1636 2165 1672 verbi
2182 1639 2354 1682 tempore
2369 1609 2601 1682 indicens-r*
2626 1629 2632 1632 ”
2694 1683 2705 1691 ,

97 1710 101 1712 ’
122 1689 197 1751 quo
221 1715 281 1740 res
305 1707 392 1750 post
417 1705 500 1740 illas
525 1705 716 1750 perfectae
740 1705 1011 1752 significantur.
1060 1705 1170 1750 Quod
1196 1717 1311 1751 quum
1337 1706 1391 1740 ita
1415 1706 1473 1749 sit,
1497 1705 1570 1741 loci
1596 1705 1826 1751 optimorum
1851 1708 2047 1740 auctorum
2072 1716 2093 1740 a
2119 1705 2306 1740 communi
2332 1688 2484 1741 dicendi
2506 1715 2596 1744 con·

119 1773 317 1823 suetudine
354 1772 568 1810 differentes
607 1774 713 1821 digni
750 1777 853 1819 sunt,
891 1786 984 1821 quos
1015 1774 1228 1811 accuratius
1259 1774 1512 1821 inspiciamus.
1565 1774 1751 1820 Proposui
1784 1774 1895 1819 mihi,
1925 1777 1968 1811 ut
2003 1774 2212 1820 perfectum
2243 1768 2595 1822 coniunctivi·post

119 1843 423 1879 coniunctionem
464 1855 580 1889 quum
616 1855 898 1890 nonnumquam
934 1856 1003 1890 pro
1041 1843 1410 1890 plusquamperfecto
1447 1843 1677 1879 coniunctivi
1714 1843 1790 1878 dici
1821 1855 1947 1889 posse,
1985 1844 2206 1890 conquisitis
2230 1843 2324 1879 locis
2349 1843 2593 1892 antiquorum

84 1932 88 1935 f
123 1914 452 1947 monumentorum
479 1913 787 1948 demonstrarem.
837 1913 909 1957 Qui
931 1914 1028 1948 hanc
1051 1925 1129 1948 rem
1155 1914 1378 1958 simpliciter
1400 1914 1634 1958 propositam
1659 1914 1718 1948 vel
1743 1926 1859 1948 unum
1884 1914 1962 1949 eius
1988 1914 2135 1959 generis
2162 1915 2374 1959 exemplum
2398 1900 2593 1962 tamqufim

28 2004 30 2006 -
71 2020 75 2023 ,
114 1979 155 2015 in
177 1981 394 2016 transcursu
418 1981 578 2017 intuitus
603 1982 685 2026 erit,
710 1982 887 2027 scriptori
911 1981 1025 2018 fidem
1049 1982 1113 2018 vix
1136 1981 1308 2026 habebit;
1334 1982 1399 2027 qui
1423 1982 1536 2018 talem
1560 1982 1783 2018 sententiam
1806 1981 1920 2027 paulo
1946 1981 2163 2028 diligentius
2188 1980 2352 2018 audierit
2369 1984 2485 2029 atquo
2499 1990 2644 2038 oon·

117 2047 348 2093 sideraverit,
385 2060 464 2084 rem
501 2049 555 2085 ita
590 2061 629 2085 se
665 2050 805 2086 habere
833 2051 1027 2086 concedet.
1073 2051 1261 2097 Equidem
1287 2051 1443 2086 miratus
1469 2063 1549 2086 sum
1574 2051 1674 2086 hunc
1698 2051 1823 2086 locum
1851 2051 1898 2086 ab
1923 2050 1969 2085 iis
1993 2050 2259 2096 grammaticis,
2285 2061 2445 2095 quorum
2469 2050 2594 2097 hm

113 2117 203 2154 satis
228 2118 401 2164 cognovi,
425 2118 606 2155 omissum
633 2131 711 2156 esse
736 2131 858 2165 neque
882 2132 962 2156 rem
986 2121 1157 2158 inutilem
1181 2120 1339 2166 aggredi
1364 2121 1455 2156 mihi
1480 2121 1580 2156 visus
1606 2132 1700 2164 sum,
1727 2121 1758 2155 si
1784 2120 2005 2167 gravissima
2030 2120 2201 2165 exempla
2232 2131 2475 2166 congererem
2704 2169 2714 2172 ..

111 2188 295 2235 gestaque
318 2185 556 2222 illustrarem.
604 2187 745 2225 Multos
770 2188 888 2225 libros
913 2191 1082 2225 veterum
1108 2188 1335 2235 scriptorum
1360 2188 1435 2238 legi
1459 2200 1580 2236 neque
1604 2189 1787 2235 locorum,
1813 2189 1940 2236 quales
1966 2189 2211 2236 quaerebam,
2236 2188 2372 2226 idonea
2394 2177 2565 2244 ορρὶιζῒ·
2626 2228 2630 2232 ,
2686 2172 2723 2184 *J

15 2245 50 2298 5²
73 2254 261 2307 Jdefecit.
307 2256 612 2300 Disputationem
637 2261 762 2292 autem
787 2259 841 2293 ita
867 2259 1024 2301 institui,
1047 2262 1100 2301 ut,
1126 2259 1262 2303 quibus
1287 2259 1524 2303 potissimum
1550 2259 1671 2293 causis
1696 2259 1859 2304 permoti
1882 2258 2085 2303 scriptores
2110 2257 2255 2302 antiqui
2272 2256 2565 2312 perfectus-'Ua⁴
2588 2265 2600 2279 -’

110 2323 269 2361 iunctivi
291 2335 363 2370 pro
387 2324 759 2371 plusquamperfecto
785 2327 1015 2363 coniunctivi
1039 2331 1128 2373 post
1151 2328 1455 2364 coniunctionem
1479 2341 1594 2374 quum
1618 2330 1841 2374 posuissent,
1867 2326 2048 2371 indagare
2072 2336 2238 2360 conarer.
2277 2326 2378 2371 Itaq·
2543 2310 2555 2318 ι

107 2392 301 2432 minimam
324 2393 435 2430 huius
460 2396 786 2432 commentationis
812 2396 1036 2442 particulam
1060 2396 1245 2441 inspicere
1269 2397 1442 2441 voluerit,
1465 2408 1585 2433 meam
1610 2396 1680 2432 hac
1705 2396 1752 2432 de
1777 2407 1818 2432 re
1842 2395 2055 2441 opinionem
2080 2394 2320 2440 cognoverit3
2346 2379 2488 2448 siff*¹
2514 2416 2516 2418 ,
2537 2400 2554 2437 j

19 2436 77 2516 {fs
106 2471 130 2498 a
153 2472 214 2497 me
236 2461 425 2507 explicato
449 2462 551 2498 haud
575 2467 786 2509 contentus,
810 2466 936 2511 plures
960 2465 1065 2501 adire
1089 2466 1260 2511 cupierit,
1285 2467 1363 2501 eius
1390 2477 1540 2512 quoque
1558 2464 1745 2501 desiderio
1764 2463 1988 2500 satisfecisse
2006 2462 2260 2498 existimabor.
2299 2452 2452 2514 Rm‘⁴j'
2474 2461 2478 2464 ”
2527 2448 2556 2514 ⁷}

14 2525 78 2559 '⁶'
101 2518 165 2568 me
187 2532 396 2577 suscepisse
419 2511 656 2569 tractandam
682 2535 748 2580 qui
772 2535 884 2579 dicat,
909 2535 991 2570 fore
1016 2535 1129 2570 credo
1154 2536 1352 2570 neminem.
1402 2535 1442 2571 Si
1466 2536 1504 2570 in
1530 2546 1574 2570 eo
1599 2546 1722 2579 cursu,
1747 2545 1858 2580 quem
1882 2534 2047 2579 primum
2070 2532 2257 2575 tenebam,
2278 2541 2348 2577 per
2369 2517 2400 2540 ⁴⁴
2422 2518 2453 2541 ’Ὺ
2536 2566 2541 2574 ,
2593 2558 2610 2580 z,

50 2591 150 2651 Q
175 2595 295 2640 curtii
319 2600 405 2639 Rufi
430 2601 477 2638 de
501 2602 613 2640 rebus
639 2604 755 2651 gestis
781 2604 989 2642 Alexandri
1013 2604 1141 2650 libros,
1166 2605 1231 2651 qui
1255 2609 1467 2651 supersunt,
1493 2617 1577 2641 cum
1595 2605 1746 2641 Arriani
1770 2603 1947 2648 Anabasi,
1971 2614 2086 2648 opere
2110 2579 2472 2654 praestantissimoffi
2483 2608 2598 2657 eom·
2597 2569 2695 2651 ’.ξ’-’ν
2661 2603 2698 2650 'j
2702 2648 2706 2653 ⁵

70 2666 307 2720 parassem,
331 2673 374 2706 ut
397 2670 575 2708 facillime
598 2673 889 2723 intelligeretur,
923 2675 1088 2721 quibus
1077 2686 1117 2710 111
1133 2674 1244 2711 rebus
1263 2675 1530 2719 consentirent,
1558 2674 1693 2720 quibus
1712 2673 1965 2717 dissentirent,
1989 2671 2213 2718 opusculum
2227 2671 2387 2709 minoris
2403 2670 2632 2752 mmfiss
2654 2652 2699 2676 '²

20 2734 59 2784 ’ζ
78 2723 97 2733 d
72 2743 219 2801 atque
243 2741 418 2777 utilitatis
442 2741 648 2786 perfecisse
672 2744 766 2780 mihi
792 2745 953 2781 viderer.
1000 2744 1086 2780 Huc
1109 2744 1267 2788 accedit,
1291 2745 1395 2789 quod
1420 2744 1517 2779 duae
1540 2755 1599 2779 res
1624 2743 1881 2789 requiruntur,
1906 2745 1948 2778 ut
1972 2741 2089 2777 libelli
2113 2752 2135 2776 a
2159 2741 2362 2787 magistris.
2375 2724 2632 2787 nouitati-‘¹3

64 2796 328 2852 {auctoritate
353 2810 633 2857 gymnasiorum
658 2814 858 2860 compositi
881 2825 957 2851 non
981 2813 1102 2850 solum
1127 2825 1150 2849 a
1172 2812 1409 2859 paucissimis
1433 2814 1522 2850 viris
1547 2816 1703 2860 propter
1737 2812 1950 2849 studiorum
1967 2810 2264 2856 similitudinem,
2283 2810 2355 2849 sod
2370 2822 2395 2848 a
2409 2808 2620 2868 pluribus

38 2856 69 2886 g
93 2873 96 2875 .

17 2876 49 2920 ,ἲ
103 2883 391 2928 cognoscantur,
415 2881 558 2917 utilitas
584 2885 622 2918 et
644 2885 826 2929 parvitas,
851 2896 1011 2930 quarum
1034 2886 1168 2919 neutra
1191 2883 1239 2918 ab
1263 2883 1321 2918 his
1349 2883 1488 2919 chartis
1514 2883 1643 2918 abesse
1667 2882 1853 2918 videatur.
1899 2880 1986 2916 Jam
2010 2880 2058 2915 ad
2083 2879 2324 2926 propositum
2348 2875 2569 2931 punimus,

122 2948 125 2955 '
311 2949 547 2995 Scriptorum
571 2951 794 2989 Latinorum
829 2953 954 2990 nullus
990 2955 1148 2999 propter
1172 2953 1474 2990 coniunctionem
1500 2964 1616 2998 quum
1639 2952 1804 2996 saepius,
1829 2951 1861 2985 si
1883 2950 2118 2985 voluminum
2142 2949 2191 2985 ab
2214 2950 2261 2985 iis
2287 2950 2609 3031 compo-isurun.-
2640 2962 2644 2964 ·
