2899 3532
1319 193 1571 236 ,9.-

199 329 326 365 hostes
360 325 515 369 mansit,
553 336 624 372 ego
660 324 760 360 solus
792 324 889 361 veni.
938 323 1067 361 Oratio
1099 325 1213 362 etiam
1243 325 1344 364 hunc
1373 328 1413 365 in
1437 328 1591 365 modum
1616 328 1785 364 converti
1809 328 1953 374 potest:
1980 325 2104 371 Quum
2128 326 2191 362 ille
2215 326 2317 372 apud
2340 325 2489 362 hostem
2511 329 2683 363 maneret

200 395 262 434 vel
284 404 447 430 ‘manere
483 395 658 438 cuperet,
695 403 766 439 ego
802 391 904 427 solus
940 391 990 426 ad
1023 402 1089 427 vos
1113 392 1210 428 veni.
1257 393 1419 432 Alorcus
1445 397 1674 445 Saguntinus
1699 401 1779 432 tum
1805 396 1955 432 demum
1981 395 2029 431 ad
2053 395 2255 442 populares
2279 406 2367 430 suos
2393 394 2586 441 profectus
2611 398 2680 440 est,

199 477 318 513 quum
342 463 524 500 Alconem
548 462 650 508 apud
674 462 819 499 Poenos
843 473 994 498 manere
1018 466 1258 509 cognoverat.
1298 464 1465 502 Primum
1489 466 1584 503 alter
1608 467 1708 512 apud
1732 466 1880 502 hostem
1896 465 2043 510 mansit,
2069 464 2208 501 deinde
2220 464 2318 501 alter
2330 464 2435 500 abiit.
2476 464 2679 500 Patavinns

199 533 370 581 perfecto
409 532 643 568 coniunctivi
678 532 822 577 scripto
858 531 1094 568 sufflantium
1128 532 1272 571 animos
1308 534 1357 570 ab
1392 533 1525 570 ordine
1560 546 1686 570 rerum
1717 537 1886 569 actarum
1919 536 2064 570 avocat.
2111 529 2228 577 Quasi
2251 531 2301 567 ad
2325 543 2502 578 praesens
2526 536 2676 578 tempus

201 602 402 649 pertineat,
428 612 503 646 quo
528 600 640 637 homo
668 600 822 646 quidam
846 612 922 636 non
945 601 1102 645 venerit,
1125 613 1202 639 non
1226 606 1283 638 est
1306 602 1716 648 plusquamperfectum
1742 601 1973 637 coniunctivi
1999 600 2070 636 hoc
2095 600 2179 636 loco
2204 600 2384 646 positum.

411 669 451 706 Si
477 669 561 716 quis
585 669 734 706 dubitet
757 668 1023 716 scriptoribus,
1060 681 1221 717 quorum
1262 671 1339 708 loci
1371 670 1653 708 commemorati
1688 674 1795 716 sunt,
1830 669 1943 706 fidem
1968 669 2118 714 habere,
2142 680 2370 718 quamquam
2395 681 2454 706 res
2480 680 2526 706 ex
2550 667 2679 705 indole

205 738 358 787 linguae
382 731 541 775 Latinae
564 740 668 774 recte
693 737 821 786 colligi
844 741 982 785 potest,
1006 739 1258 785 posteriorum
1284 738 1458 776 defensor
1482 742 1595 787 atque
1619 739 1770 775 adiutor
1794 738 2025 786 producatur
2049 750 2215 775 summus
2229 738 2485 775 Romanorum
2511 737 2679 773 omnium

171 821 181 825 ’
201 811 347 852 orator,
371 807 514 844 Cicero.
1700 798 1706 804 ’
2219 798 2225 806 “

409 875 453 913 In
478 874 723 923 epistolarum
747 874 795 911 ad
820 874 1022 912 familiares
1046 875 1125 913 sive
1149 874 1317 912 diversos
1342 875 1408 913 lib.
1432 876 1465 921 9,
1494 876 1536 912 14
1558 875 1607 912 ad
1632 875 1868 912 Dolabellam
1892 874 1981 912 data
2006 875 2137 913 Cicero
2162 875 2253 912 haec
2278 876 2445 922 scripsit:

570 945 669 981 Nam
692 956 808 992 quum
833 949 870 981 tc
895 956 1042 991 semper
1066 946 1274 992 dilexerim,
1300 949 1482 992 quantum
1507 948 1547 980 tu
1571 945 1783 991 intelligere
1821 945 1990 990 potuisti,
2013 949 2094 979 tum
2117 944 2175 979 his
2199 946 2273 979 tuis
2298 946 2407 980 factis
2432 945 2487 979 sic
2504 945 2678 979 incensus

479 1027 572 1058 sum,
597 1018 640 1049 ut
662 1014 757 1049 nihil
781 1026 959 1061 umquam
984 1015 1024 1050 in
1047 1026 1174 1050 amore
1197 1015 1312 1051 fuerit
1335 1014 1538 1050 ardentius.

413 1081 543 1120 Cicero
579 1094 655 1119 non
681 1093 828 1130 semper
858 1082 897 1118 in
933 1082 1000 1119 tali
1033 1083 1217 1120 sententia
1241 1082 1453 1130 perfectum
1477 1083 1706 1120 coniunctivi
1731 1082 1932 1131 legendum
1956 1082 2066 1118 nobis
2092 1081 2208 1119 dedit.
2255 1082 2479 1129 Plerumque
2503 1079 2675 1127 scripsis—

201 1155 260 1189 set
284 1135 510 1189 dilexissem.
560 1151 798 1198 Quamquam
823 1162 945 1195 amor,
982 1152 1086 1187 cuius
1117 1152 1268 1187 vinculo
1294 1163 1379 1188 cum
1402 1152 1598 1188 Dolabella
1622 1154 1845 1189 coniunctus
1871 1156 1962 1196 erat,
1987 1153 2036 1188 ad
2060 1152 2154 1188 illud
2178 1153 2302 1198 ipsum
2326 1156 2485 1196 tempus,
2509 1159 2584 1196 quo
2609 1148 2678 1183 has

204 1223 349 1258 litteras
376 1222 556 1265 exaravit,
592 1221 823 1267 pertinebat,
858 1221 961 1256 nulla
1002 1226 1111 1266 parte
1134 1221 1366 1264 imminutus,
1400 1224 1524 1256 tamen
1560 1234 1665 1257 amor
1701 1223 1807 1267 prior
1832 1222 1905 1257 fuit
1929 1223 1993 1257 illo
2018 1222 2117 1268 igni,
2156 1233 2268 1268 quem
2284 1220 2383 1256 facta
2400 1216 2674 1255 Dolabellaein

201 1289 393 1326 Ciceronis
431 1289 555 1325 animo
593 1290 858 1325 excitaverant.
914 1289 1044 1325 Cicero
1080 1288 1314 1324 Dolabellam
1346 1288 1425 1333 jam
1457 1287 1655 1333 dilexerat,
1704 1301 1819 1337 quum
1852 1289 1961 1325 sactis
1986 1290 2066 1326 eius
2091 1289 2264 1324 incensus
2289 1291 2355 1323 est.
2402 1287 2512 1324 Nunc
2536 1288 2673 1327 autem,

202 1370 301 1408 quae
332 1369 480 1405 semper
511 1357 610 1395 inter
635 1368 697 1394 eos
722 1357 793 1393 luit
818 1357 1091 1409 benevolentia,
1116 1356 1209 1393 nihil
1234 1358 1425 1405 antiquius
1451 1358 1576 1404 habet,
1600 1371 1713 1407 quam
1739 1363 1781 1395 ut
1804 1370 1942 1406 magna
1967 1358 2129 1406 quadam
2154 1358 2191 1393 vi
2217 1360 2484 1394 commemoret
2507 1365 2673 1391 amorem

203 1429 242 1464 in
268 1428 503 1463 Dolabellam
538 1439 657 1462 suum.
707 1427 917 1473 Utrumque
941 1425 1099 1470 factum,
1123 1426 1226 1474 quod
1249 1427 1410 1462 amicum
1435 1428 1663 1473 reipublicae
1688 1440 1802 1464 causa
1825 1428 1958 1464 dilexit
1983 1432 2021 1463 et
2045 1427 2146 1474 quod
2171 1427 2280 1462 factis
2305 1426 2383 1461 eius
2409 1426 2581 1461 incensus
2607 1426 2675 1467 est,

200 1509 347 1534 summo
374 1497 512 1545 gaudio
537 1497 792 1542 prosequitur.

411 1567 466 1603 Ne
491 1565 689 1602 omittatur
713 1565 903 1602 Ciceronis
928 1565 976 1601 ad
999 1565 1167 1601 Atticum
1193 1566 1352 1612 epistola
1379 1569 1421 1602 17
1445 1567 1532 1602 libri
1558 1567 1577 1601 7
1601 1566 1658 1602 his
1684 1566 1808 1603 verbis
1833 1565 2054 1611 conspicua:

570 1634 738 1680 Perspici
764 1645 811 1669 ex
826 1633 960 1669 litteris
980 1633 1148 1679 Pompeii
1161 1638 1287 1679 potest
1302 1635 1398 1670 nihil
1416 1634 1563 1670 Caesari
1580 1635 1719 1681 negari,
1745 1646 1841 1681 quae
1854 1635 1917 1670 ille
1935 1635 2211 1670 amentissimus
2229 1633 2351 1677 fuerit,
2369 1634 2441 1669 nisi
2472 1632 2675 1678 acceperit,

478 1703 699 1749 praesertim
727 1714 842 1750 quum
865 1703 1190 1749 impudentissime
1214 1703 1472 1749 postulaverit.

411 1771 491 1807 Hac
515 1772 555 1806 in
580 1772 834 1807 enuntiatione
859 1775 984 1807 cetera
1008 1772 1061 1807 ita
1086 1771 1189 1807 dicta
1212 1777 1310 1818 sunt,
1335 1777 1377 1808 ut
1401 1785 1423 1807 a
1447 1774 1776 1821 grammaticorum
1793 1773 2005 1820 praeceptis
2025 1784 2098 1807 non
2114 1773 2354 1815 abhorreant,
2378 1772 2534 1808 verbum
2548 1775 2675 1807 autem

202 1843 455 1891 postulaverit
478 1855 547 1889 pro
574 1843 689 1879 verbo
714 1841 982 1888 postulavisset
1006 1842 1173 1888 positum
1197 1854 1218 1878 a
1234 1843 1381 1891 vulgari
1409 1855 1476 1878 usu
1500 1842 1651 1878 recedit.
1700 1842 1820 1879 Nemo
1845 1841 2073 1878 infitiabitur
2097 1853 2198 1886 eum,
2235 1842 2300 1889 qui
2325 1843 2528 1886 acceperit,
2564 1842 2676 1875 antea

202 1913 413 1958 postulasse
428 1923 584 1958 eamque
601 1912 650 1947 ob
669 1923 818 1946 causam
832 1910 1241 1958 plusquamperfectum
1265 1912 1495 1948 coniunctivi
1517 1916 1619 1948 recte
1644 1923 1682 1947 se
1706 1912 1856 1947 habere.
1905 1911 1955 1948 Ut
1972 1911 2016 1947 fit
2032 1923 2323 1958 nonnumquam,
2349 1914 2477 1946 orator
2494 1909 2676 1953 meminit,

199 1982 285 2027 quis
314 1981 578 2027 postulaverit,
616 1992 691 2016 non
716 1981 883 2027 quaerit,
908 1981 1059 2027 quando
1085 1982 1344 2027 postulaverit,
1370 1982 1400 2017 si
1425 1985 1583 2027 tempus,
1608 1992 1682 2028 quo
1707 1982 1907 2026 acceperit,
1932 1981 2165 2027 respiciatur.
2214 1981 2258 2016 In
2281 1978 2465 2015 eiusmodi
2489 1978 2676 2014 sententia

200 2051 369 2097 perfecto
395 2050 471 2085 vim
495 2049 685 2092 maiorem,
710 2061 822 2096 quam
847 2049 1217 2096 plusquamperfecto
1242 2051 1473 2087 coniunctivi
1497 2051 1613 2087 tribui
1639 2051 1728 2087 satis
1753 2050 1995 2096 perspicuum
2021 2053 2087 2086 est.

407 2118 666 2164 Epistolarum
691 2117 739 2153 ad
764 2119 935 2154 Atticum
960 2119 1162 2155 missarum
1189 2122 1231 2156 12
1256 2120 1344 2155 libri
1367 2121 1390 2156 8
1415 2119 1487 2155 luoc
1511 2120 1721 2165 exemplum
1747 2119 1921 2155 offertur:

565 2185 645 2220 Neo
670 2197 758 2220 vero
783 2185 875 2221 haec
900 2189 1066 2221 extrema
1082 2187 1281 2233 quisquam
1298 2192 1424 2233 potest
1441 2189 1521 2223 iure
1533 2189 1818 2234 reprehendere,
1844 2188 1946 2235 quod
1964 2200 2066 2223 mare
2081 2199 2155 2223 non
2169 2188 2391 2224 transierim.
2422 2187 2466 2222 Id
2482 2188 2591 2229 enim,
2606 2187 2675 2222 etsi

481 2257 565 2290 erat
582 2255 877 2300 deliberationis,
901 2260 1027 2291 tamen
1040 2256 1146 2292 obire
1160 2269 1235 2292 non
1251 2258 1375 2303 potui3
1401 2269 1521 2305 neque
1544 2258 1645 2297 ,enim
1659 2258 1843 2303 suspicari
1861 2257 1986 2301 debui,
2009 2257 2229 2303 praesertim
2248 2268 2361 2302 quum
2376 2268 2421 2291 ex
2439 2256 2555 2301 ipsius
2570 2255 2680 2291 Pom·

474 2322 552 2368 peii
576 2322 722 2367 litteris,
748 2323 848 2359 idem
877 2324 980 2371 quod
1005 2323 1109 2360 vides
1133 2326 1170 2360 te
1195 2325 1440 2371 existimasse,
1465 2337 1539 2360 non
1566 2325 1832 2370 dubitaverim,
1859 2326 1950 2374 quin
1975 2327 2006 2361 is
2032 2325 2197 2361 Domitio
2223 2325 2472 2359 subventurus
2498 2327 2607 2361 esset.

410 2391 540 2427 Cicero
567 2392 936 2438 plusquamperfecto
962 2397 1027 2428 aut
1050 2394 1269 2439 imperfecto
1295 2395 1526 2430 coniunctivi
1550 2396 1691 2440 optime
1716 2396 1771 2430 uti
1796 2400 1956 2440 poterat.
2005 2395 2110 2437 Tum,
2136 2405 2251 2440 quum
2278 2393 2489 2437 suspicatus
2515 2404 2592 2427 non
2609 2397 2678 2436 est,

201 2461 276 2496 iam
301 2473 376 2497 non
401 2461 613 2506 dubitabat,
637 2461 730 2508 quin
754 2460 921 2497 futurum
946 2465 1053 2506 esset,
1079 2468 1121 2498 ut
1145 2462 1332 2499 Domitius
1351 2463 1602 2500 adiuvaretur.
1643 2462 1773 2499 Cicero
1792 2468 1917 2501 autem
1934 2463 2059 2499 verbis
2078 2474 2165 2498 usus
2188 2474 2302 2509 quum
2321 2473 2394 2496 non
2413 2461 2679 2505 dubitaverim,

200 2529 484 2565 dubitationem
517 2530 668 2565 omnino
695 2541 716 2564 a
740 2541 780 2566 se
803 2531 963 2566 alienam
986 2530 1056 2566 hac
1081 2531 1119 2566 in
1144 2542 1184 2566 re
1209 2531 1323 2568 fuisse
1348 2533 1442 2569 dicit
1466 2533 1589 2580 idque,
1615 2533 1721 2585 quasi
1747 2534 1882 2568 summi
1907 2534 1956 2568 sit
1980 2533 2169 2576 momenti,
2193 2531 2326 2566 maiori
2351 2531 2386 2565 vi
2412 2531 2646 2575 pronuntiat.

412 2598 531 2633 Marci
555 2598 604 2632 ad
631 2598 810 2642 Quintum
835 2599 989 2634 fratrem
1014 2600 1257 2645 epistolarum
1282 2600 1347 2637 lib.
1374 2604 1404 2646 1,
1429 2604 1448 2638 1
1475 2603 1566 2638 haec
1590 2603 1715 2647 verba,
1741 2614 1837 2649 quae
1862 2603 2075 2638 accuratius
2100 2601 2398 2644 considerentur,
2422 2599 2554 2636 habet:

572 2666 731 2703 Factum
762 2670 819 2703 est
847 2679 930 2704 mea
966 2668 1078 2714 culpa
1111 2652 1244 2705 contra
1279 2680 1392 2716 quam
1427 2674 1469 2707 tu
1493 2683 1639 2706 mecum
1665 2674 1702 2706 et
1726 2670 1968 2716 proficiscens
1994 2674 2032 2707 et
2056 2681 2123 2715 per
2147 2669 2289 2705 litteras
2315 2679 2459 2716 egeras,
2483 2672 2527 2705 ut
2550 2669 2678 2714 priore

481 2748 578 2772 anno
611 2738 884 2774 succederetur.
945 2739 1054 2784 Quod
1090 2751 1179 2786 eg0,
1216 2740 1519 2792 dumlsociorum
1544 2740 1656 2775 saluti
1681 2741 1851 2783 consulo,
1877 2741 1965 2775 dum
1990 2739 2247 2785 impudentiae
2271 2736 2539 2774 nonnullorum
2564 2749 2680 2784 nego-

478 2806 658 2842 tiatorum
684 2808 830 2852 resisto,
856 2807 946 2843 dum
970 2811 1139 2843 nostram
1164 2808 1322 2855 gloriam
1346 2811 1413 2844 tua
1439 2811 1577 2845 virtute
1601 2809 1732 2856 augeri
1756 2813 1902 2855 expeto,
1926 2808 1998 2845 feci
2015 2820 2090 2844 non
2107 2808 2304 2853 sapienter,
2322 2807 2545 2853 praesertim
2563 2818 2681 2853 quum

482 2875 522 2911 id
546 2876 810 2920 commiserim,
835 2879 878 2912 ut
900 2876 964 2913 ille
988 2877 1084 2913 alter
1108 2888 1225 2912 annus
1250 2877 1363 2913 etiam
1387 2878 1542 2914 tertium
1565 2882 1693 2924 posset
1718 2878 1915 2927 adducere.

414 2944 626 2990 Quaeritur,
651 2956 746 2993 quae
772 2946 870 2981 ratio
894 2946 1105 2983 intercedat
1128 2947 1225 2983 inter
1248 2949 1415 2993 tempus,
1453 2958 1528 2994 quo
1554 2945 1683 2982 Cicero
1709 2958 1785 2982 non
1809 2946 1900 2983 fecit
1924 2946 2067 2994 aliquid
2092 2946 2299 2993 sapienter,
2330 2948 2369 2982 et
2398 2945 2494 2983 illud
2519 2949 2680 2991 tempus,

204 3023 281 3058 quo
307 3013 513 3056 commisit,
548 3018 591 3048 ut
625 3009 742 3049 trater
777 3015 856 3049 eius
888 3016 1042 3050 tertium
1073 3026 1211 3050 annum
1241 3015 1282 3049 in
1304 3015 1395 3050 Asia
1425 3020 1565 3062 ageret.
1615 3016 1654 3051 Si
1685 3021 1771 3062 post
1794 3017 1878 3051 illas
1902 3028 1961 3051 res
1985 3027 2118 3062 parum
2142 3017 2332 3061 sapienter
2355 3018 2458 3050 actas
2482 3015 2689 3057 commisit,

206 3084 250 3117 ut
274 3081 434 3126 Quintus
459 3081 575 3117 frater
600 3082 741 3118 diutius
766 3083 805 3118 in
829 3084 920 3119 Asia
943 3087 1166 3127 remaneret,
1190 3084 1400 3119 necessario
1418 3085 1600 3129 sequitur,
1624 3088 1666 3119 ut
1679 3085 1886 3130 perfectum
1900 3085 2130 3120 coniunctivi
2148 3084 2400 3121 commiserim
2413 3087 2517 3120 recte
2533 3083 2684 3119 dicatur

205 3149 414 3187 secundum
440 3160 676 3186 communem
699 3152 927 3198 scriptorum
953 3152 1273 3193 consuetudinem.
1320 3152 1447 3188 Verba
1469 3154 1604 3198 autem,
1630 3164 1724 3200 quae
1748 3154 1989 3200 praecedunt,
2012 3155 2102 3190 satis
2128 3154 2295 3189 indicare
2318 3153 2413 3187 mihi
2437 3152 2615 3190 videntur
2632 3165 2690 3199 ea,

1763 3226 1765 3228 ’
2453 3223 2476 3256 2
