2899 3532
1297 150 1551 193 &5-

181 279 412 342 enfideinde
434 277 700 333 multo'magis
723 284 935 327 Alexandri
957 283 1027 320 filii
1050 284 1201 321 nomine
1225 266 1413 321 inclaruit.
1460 284 1570 330 Quod
1595 297 1711 332 quum
1734 285 1788 321 ita
1811 285 1879 330 sit,
1914 296 1991 320 non
2014 283 2225 331 perfectum
2249 283 2664 326 coniunctiviillustra
2720 287 2726 291 ”

181 342 419 405 §aring'sed
432 354 845 402 plusquamperfectum
869 353 1115 407 desideratur,
1138 343 1252 400 quod‘
1267 356 1352 390 non'
1366 353 1528 399 dubites,
1551 354 1642 401 quin
1666 354 1838 401 plerique
1862 355 1900 390 et
1923 352 2103 400 scripturi
2127 351 2268 389 fuerint
2302 356 2342 389 et
2364 351 2546 399 scripturi
2568 351 2658 392 nim.

184 414 494 467 obversabantur
517 426 644 459 autem
668 423 792 458 animo
815 422 954 458 Justini
992 422 1176 467 imprimis
1212 422 1342 457 laudes
1368 422 1600 469 Olympiadis
1631 433 1653 457 a
1676 423 1867 468 prioribus
1891 422 2099 468 acquisitae
2123 424 2162 457 et
2184 421 2233 456 ab
2257 419 2474 457 Alexandro
2497 421 2662 458 maxime

185 499 333 544 auctae.
383 493 487 538 Quae
511 493 577 538 qui
601 493 744 539 legunt,
768 502 845 526 non
868 494 1056 537 eoguntur
1078 494 1265 536 reputare,
1289 491 1426 536 quibus
1450 494 1663 536 temporum
1686 491 1817 536 spatiis
1841 491 1901 526 vel
1917 492 2125 527 intervallis
2142 502 2261 537 reges,
2287 501 2448 536 quorum
2464 501 2661 527 succensor
2710 533 2713 540 y

186 563 260 601 fuit
281 560 507 606 Alexander,
543 560 770 596 clarissimus
806 559 949 607 gloriae
972 558 1237 596 Macedonicae
1262 559 1528 605 amplificator,
1567 562 1653 596 ante
1677 571 1761 596 eum
1785 559 1999 604 floruerint;
2023 571 2098 596 non
2123 560 2163 596 id
2187 559 2341 596 omnino
2367 559 2503 607 agitur,
2528 562 2572 595 ut
2595 568 2660 595 eos

188 643 317 672 omnes
335 630 567 677 antiquiores
581 628 802 667 Alexandro
826 627 941 665 fuisse
964 629 1186 676 cogitemus,
1209 628 1274 665 sed
1297 628 1419 665 solum
1434 628 1684 675 reputandum
1703 632 1759 664 est
1772 627 2029 676 Olympiadem
2046 631 2085 665 et
2101 640 2122 664 a
2139 628 2346 664 maioribus
2364 626 2660 675 aequalibusque

186 700 326 745 multis,
350 703 389 735 et
412 699 650 745 potissimum
684 698 733 733 ab
756 697 972 733 Alexandro
1008 697 1086 732 filio
1121 709 1265 732 summa
1299 698 1460 733 nominis
1485 698 1606 743 gloria
1630 700 1799 732 ornatam
1823 708 1913 732 esse.
1961 698 2063 741 Quae
2087 698 2161 732 duo
2186 698 2286 733 facta
2309 698 2459 732 intuens
2485 701 2661 732 narrator

186 784 210 808 a
233 771 328 807 serie
351 781 478 805 rerum
500 772 668 805 actarmu
694 769 859 803 animum
884 768 1033 810 avertit,
1059 768 1166 812 quasi
1190 779 1265 802 non
1289 767 1365 802 sint
1389 766 1552 811 antiquis
1576 767 1820 811 temporibus,
1846 767 1911 802 sed
1942 768 2058 812 ipsius
2083 772 2253 812 tempore
2278 769 2547 803 consummata.

394 837 640 875 Transeamus
665 835 713 873 ad
736 836 870 882 locum,
896 846 1006 883 quem
1031 834 1248 881 proximum
1272 834 1407 879 inveni,
1433 834 1586 871 obvium
1610 833 1714 870 illum
1738 834 1778 869 in
1803 834 1926 881 capite
1951 838 2084 882 quarto
2109 835 2197 872 libri
2223 836 2349 882 quarti
2367 834 2517 872 decimi.
2556 833 2660 871 Haec

185 910 275 945 sunt
296 907 431 944 verba:

394 976 514 1010 Tanto
539 974 732 1020 pulchrior
755 973 848 1008 haec
871 973 1075 1019 Antigono,
1101 984 1212 1017 quam
1237 972 1452 1008 Alexandro
1477 975 1534 1007 tot
1558 972 1739 1006 victoriae
1775 972 1936 1014 fuerunt,
1961 974 2014 1015 ut,
2051 984 2164 1017 quum
2195 972 2258 1006 ille
2295 973 2477 1008 orientem
2513 972 2665 1016 vicerit,

186 1047 247 1082 hic
273 1046 386 1081 etinm
412 1056 486 1087 eos,
511 1055 533 1078 a
558 1042 694 1089 quibus
720 1028 842 1077 oriens
867 1042 989 1077 victus
1014 1042 1146 1085 fuerat,
1171 1042 1414 1087 superaverit.

395 1112 434 1148 Si
459 1096 543 1158 quis
566 1123 691 1147 rerum
715 1113 883 1146 actarum
907 1109 1075 1145 ordinem
1100 1111 1296 1155 respiciat,
1334 1122 1410 1146 non
1435 1113 1491 1145 est
1515 1110 1687 1153 dubium,
1716 1110 1806 1155 quin
1831 1121 1901 1155 pro
1926 1110 2032 1145 verbi
2068 1110 2188 1146 forma
2212 1111 2346 1146 vicerit
2375 1113 2484 1157 putet
2507 1109 2661 1146 vicisset

186 1181 429 1219 scribendum
454 1191 543 1216 esse.
591 1179 699 1214 Prior
724 1179 821 1214 enim
846 1178 1063 1214 Alexander
1086 1179 1149 1214 ille
1172 1179 1329 1226 Magnus
1356 1180 1536 1215 orientem
1561 1180 1661 1223 vicit,
1687 1179 1874 1225 posterior
1899 1181 2023 1213 autem
2049 1179 2261 1225 Antigonus
2294 1179 2528 1214 adversarios
2553 1189 2654 1224 suos,

189 1263 252 1287 eos
287 1250 390 1295 ipsos
427 1249 558 1291 duces,
594 1248 659 1293 qui
683 1246 939 1282 Alexandrum
974 1247 1156 1282 victorem
1180 1248 1226 1282 ad
1264 1249 1414 1282 ultimas
1447 1249 1601 1283 orientis
1626 1252 1756 1294 gentes
1781 1247 1900 1282 secuti
1926 1250 2042 1291 erant,
2068 1247 2289 1282 fortitudine
2314 1251 2427 1293 atque
2449 1247 2653 1293 prudentia

188 1319 390 1366 superavit.
436 1319 568 1363 Itaque
591 1316 772 1362 praefecti
794 1316 1011 1359 Alexandri,
1035 1321 1231 1363 postquam
1257 1318 1288 1352 is
1314 1329 1380 1352 rex
1404 1317 1522 1353 multa
1546 1328 1630 1353 cum
1653 1317 1727 1352 illis
1751 1319 2005 1363 prosperrime
2022 1318 2150 1364 gessit,
2174 1317 2221 1352 ab
2237 1317 2431 1364 Antigono
2448 1318 2540 1354 victi
2556 1320 2657 1355 sunt.

186 1389 371 1431 Justinus,
410 1399 526 1434 quum
550 1387 670 1432 probe
707 1387 811 1430 sciat,
850 1398 924 1432 quo
962 1387 1094 1423 ordine
1130 1389 1254 1423 omnia
1278 1391 1385 1433 gesta
1409 1388 1500 1431 sint,
1537 1398 1558 1422 a
1580 1390 1750 1432 tempore
1774 1386 1940 1422 animum
1966 1387 2113 1430 avertit,
2138 1398 2213 1432 quo
2237 1386 2453 1423 Alexander
2475 1387 2659 1425 orientem

187 1459 290 1503 vicit,
315 1469 390 1505 quo
415 1467 647 1493 successores
672 1456 751 1491 cius
776 1455 823 1491 ab
847 1454 1040 1501 Antigono
1065 1456 1230 1502 superati
1253 1460 1352 1500 sunt,
1376 1455 1417 1491 id
1442 1456 1562 1491 solum
1586 1467 1711 1503 agens,
1735 1458 1778 1492 ut
1801 1466 1860 1490 res
1885 1466 1907 1490 a
1932 1455 2138 1491 clarissimo
2151 1455 2402 1491 Macedonum
2425 1466 2514 1504 rege
2530 1459 2660 1504 gestae

190 1531 229 1563 et
251 1527 352 1562 facta
377 1527 485 1560 unius
511 1536 556 1559 ex
585 1525 663 1559 eius
689 1524 849 1558 ducibus
875 1528 1162 1569 cognoscantur.
1209 1525 1436 1568 Temporum
1460 1535 1534 1558 non
1558 1523 1688 1558 habita
1704 1523 1851 1559 ratione
1868 1524 1917 1558 ob
1935 1524 2063 1559 oculos
2082 1536 2224 1568 eorum,
2239 1526 2304 1569 qui
2321 1525 2462 1571 legunt,
2479 1537 2524 1561 ea
2539 1526 2660 1571 ponit,

190 1607 286 1642 quae
309 1594 542 1630 admirentur
566 1596 680 1638 atque
704 1593 803 1627 inter
827 1604 865 1626 se
896 1597 1123 1636 comparent.
1173 1592 1212 1628 Si
1236 1593 1399 1637 scriptor
1424 1592 1687 1627 coniunctione
1712 1604 1828 1637 quum
1853 1603 1928 1626 non
1954 1595 2051 1627 esset
2074 1604 2174 1636 usus,
2198 1593 2344 1628 facilius
2369 1592 2537 1638 perfeeto
2561 1592 2658 1629 indi·

189 1666 305 1702 cativi
331 1666 386 1701 uti
412 1664 598 1710 potuisset
620 1663 692 1698 hoc
716 1662 850 1698 modo:
874 1661 1087 1697 Alexander
1111 1662 1293 1697 orientem
1317 1662 1419 1705 vicit,
1442 1661 1653 1707 Antigonus
1680 1661 1794 1697 etiam
1819 1672 1881 1696 eos
1907 1662 2061 1697 orientis
2086 1662 2249 1698 victores
2274 1663 2475 1708 superavit.

394 1732 485 1768 Post
507 1732 607 1768 hunc
633 1731 756 1767 locum
781 1730 924 1776 primus
951 1734 1161 1767 ceterorum
1184 1731 1395 1778 legentibus
1421 1730 1529 1772 nobis
1554 1730 1722 1765 occurrit
1745 1730 1785 1765 iu
1809 1730 1977 1766 eiusdem
2001 1731 2089 1767 libri
2113 1732 2237 1778 capite
2262 1732 2393 1779 quinto
2418 1731 2500 1769 hic:

553 1801 714 1836 Tantum
749 1811 771 1834 a
800 1800 1006 1834 maioribus
1032 1799 1358 1847 degeneraverant,
1395 1803 1452 1843 ut,
1490 1811 1604 1844 quum
1628 1800 1755 1834 multis
1781 1800 1939 1834 saeculis
1965 1812 2092 1835 murus
2117 1801 2203 1836 urbi
2227 1802 2346 1836 virtus
2371 1802 2510 1837 civium
2533 1802 2665 1846 fuerit,

463 1874 552 1904 tunc
578 1870 677 1904 cives
702 1868 824 1902 salvos
850 1879 889 1902 se
913 1879 987 1902 non
1013 1868 1308 1903 existimaverint
1333 1868 1424 1911 fore,
1448 1868 1519 1902 nisi
1543 1868 1641 1902 intra
1668 1879 1794 1903 muros
1819 1868 1991 1903 laterent.

403 1938 511 1984 Quod
534 1938 705 1973 ‚Iustinus
743 1938 788 1972 de
814 1936 1007 1982 Spartanis
1033 1935 1246 1981 praedicat,
1280 1936 1319 1971 in
1351 1935 1488 1970 civium
1513 1935 1735 1971 fortitudine
1759 1935 1915 1972 salutem
1940 1937 2171 1982 reipublicae
2195 1937 2358 1983 positam
2382 1949 2463 1973 esse
2485 1938 2662 1974 arbitrati

189 2019 316 2044 muros
344 2008 445 2043 urbis
471 2007 619 2043 inutiles
646 2017 726 2043 esse
750 2007 969 2042 sentiebant.
1019 2004 1117 2041 Olim
1142 2016 1288 2050 semper
1312 2004 1391 2040 sine
1416 2005 1530 2039 muris
1556 2016 1594 2040 se
1618 2008 1721 2041 tutos
1747 2016 1826 2040 esse
1851 2006 2165 2051 existimaverant,
2198 2010 2290 2051 tum,
2316 2018 2431 2053 quum
2455 2006 2662 2044 Cassander

187 2077 315 2114 multis
341 2077 519 2112 Graeciae
543 2075 759 2111 civitatibus
784 2075 925 2110 bellum
949 2073 1143 2119 inferebat,
1168 2074 1266 2110 cives
1291 2074 1389 2109 solos
1416 2075 1576 2119 optimos
1602 2086 1681 2109 esse
1706 2080 2007 2121 propugnatores
2032 2079 2229 2123 negarunt.
2276 2077 2379 2112 Intra
2403 2087 2529 2112 muros
2569 2087 2659 2113 con-

188 2147 379 2194 fugerunt.
442 2147 498 2182 De
541 2145 735 2191 Spartanis
774 2145 939 2180 omnium
963 2148 1176 2189 temporum
1201 2143 1378 2189 loquitur,
1420 2148 1559 2199 quanta
1594 2155 1742 2189 semper
1781 2144 1896 2180 fuerit
1932 2157 2061 2180 eorum
2086 2145 2280 2189 fortitudo,
2305 2157 2389 2181 cum
2414 2145 2663 2183 admiratione

192 2217 498 2250 confinemorans.
545 2214 606 2249 Ab
632 2225 675 2249 eo
702 2213 809 2258 quasi
832 2213 929 2256 loco,
954 2224 1028 2258 quo
1053 2213 1133 2258 ipse
1158 2212 1344 2256 constitit,
1381 2201 1544 2259 scriptor
1569 2213 1615 2248 de
1638 2224 1783 2248 summa
1809 2214 2080 2259 Spartanorum
2104 2215 2244 2250 virtute
2268 2214 2412 2250 iudicat
2433 2226 2555 2260 neque
2579 2225 2662 2251 eam

197 2286 363 2330 priorem
388 2296 486 2320 nova
510 2295 640 2319 eorum
664 2287 778 2328 atque
802 2283 971 2317 inaudita
994 2281 1262 2317 consuetudine
1287 2282 1400 2318 fuisse
1425 2283 1646 2318 recordatur
1671 2283 1730 2318 vel
1755 2283 1905 2318 videtur
1928 2284 2132 2318 recordari.
2182 2284 2261 2328 Qua
2287 2284 2461 2329 opinione
2483 2283 2662 2319 inductus

192 2364 262 2399 pro
287 2354 395 2389 vex-bi
420 2353 540 2388 forma
564 2352 696 2387 fuisset
721 2352 817 2387 dixit
841 2351 964 2388 fuerit.

402 2421 517 2456 Liber
542 2421 636 2456 alter
662 2423 698 2456 et
724 2420 932 2455 tricesimus
958 2420 1098 2455 ultimis
1123 2420 1247 2455 verbis
1273 2421 1441 2455 continet
1466 2420 1632 2455 eiusdem
1657 2420 1804 2466 generis
1831 2420 2044 2465 exemplum
2069 2420 2175 2454 hisce
2199 2420 2324 2454 verbis
2350 2430 2585 2464 expressum:

558 2490 828 2525 Moderationis
853 2493 954 2524 certe
978 2490 1056 2524 eius
1082 2488 1163 2533 fuit,
1188 2492 1240 2532 ut,
1265 2501 1381 2534 quum
1401 2491 1633 2526 diversarum
1650 2490 2022 2543 gentiumvexercitus
2040 2490 2189 2532 rexerit,
2206 2499 2327 2533 neque
2343 2487 2490 2524 insidiis
2507 2499 2663 2525 suorum

465 2559 627 2594 militum
652 2559 701 2594 sit
724 2558 863 2603 petitus
889 2569 1053 2602 unquam
1077 2569 1199 2603 neque
1222 2557 1354 2594 fraude
1380 2559 1565 2604 proditus,
1590 2571 1706 2605 quum
1731 2562 1932 2603 utrumque
1956 2558 2081 2592 hostes
2106 2568 2216 2602 saepe
2239 2561 2499 2602 temptassent.

403 2627 564 2663 Summis
601 2627 775 2663 laudibus
811 2626 963 2661 effertur
987 2625 1207 2661 Hannibalis
1244 2626 1448 2673 ingenium.
1497 2627 1601 2662 Idem
1637 2639 1755 2662 annus
1787 2632 1862 2663 tres
1894 2638 2056 2663 summos
2081 2637 2301 2673 magnarum
2327 2626 2523 2672 copiarum
2547 2626 2664 2664 duces

192 2695 360 2738 abstulit,
395 2695 661 2740 Hannibalem,
697 2696 1040 2741 Philopoemenem,
1078 2694 1290 2740 Scipionem
1314 2695 1534 2731 Africanum
1558 2697 1754 2740 maiorem,
1791 2698 1887 2732 inter
1924 2708 2016 2742 quos
2042 2696 2185 2731 Poenus
2221 2695 2322 2730 vitae
2357 2695 2602 2741 simplicitate
2623 2695 2666 2731 in

192 2775 337 2800 summo
363 2764 533 2810 imperio,
558 2765 764 2801 sobrietate
788 2766 827 2801 in
852 2765 1017 2801 omnium
1042 2777 1166 2800 rerum
1192 2764 1394 2809 affluentia,
1419 2765 1634 2802 admirabili
1658 2766 1889 2802 continentia
1912 2765 2009 2800 inter
2044 2763 2212 2799 homines
2237 2763 2454 2800 luxuriosos
2478 2764 2665 2801 excellens

193 2833 326 2868 fuerat.
356 2833 497 2868 Multos
512 2837 636 2869 autem
662 2835 907 2879 imperatores
924 2835 1155 2869 humanitate
1180 2838 1293 2879 atque
1318 2834 1538 2870 affabilitate
1562 2836 1752 2879 superavit
1766 2836 2006 2879 omniumque
2022 2833 2182 2868 militum
2196 2833 2359 2877 illorum,
2382 2844 2459 2869 non
2474 2834 2667 2879 Afrorum,

192 2903 261 2938 sed
293 2914 339 2938 ex
370 2903 452 2937 aliis
477 2903 587 2938 terris
618 2903 862 2938 oriundorum
895 2904 1104 2947 summique
1130 2903 1235 2937 ducis
1272 2903 1466 2938 voluntate
1496 2904 1535 2938 in
1559 2916 1674 2938 unum
1700 2904 1805 2948 quasi
1830 2915 1966 2948 corpus
1991 2903 2278 2938 coniunctorum
2303 2903 2447 2938 animos
2471 2903 2545 2939 sibi
2572 2914 2661 2939 oon-

195 2971 350 3008 ciliavit.
400 2970 510 3015 Quod
548 2983 664 3017 quum
686 2971 857 3008 Justinus
894 2971 1101 3007 admiretur
1137 2983 1297 3017 eumque
1333 2972 1446 3007 nullis
1482 2972 1821 3007 diversissimorum
1856 2971 2047 3006 hominum
2083 2970 2232 3017 insidiis
2263 2970 2562 3008 circumventum
2586 2983 2670 3010 esse

197 3039 372 3084 affimat,
396 3039 492 3075 nihil
515 3041 706 3087 antiquius
731 3040 856 3086 habet,
882 3052 994 3087 quam
1019 3045 1069 3084 ut,
1095 3040 1243 3086 quantis
1268 3040 1331 3076 ille
1345 3040 1570 3077 exercit-ibus
1588 3040 1794 3086 praefuerit
1807 3040 1928 3085 iisque
1945 3038 2178 3075 diversarum
2196 3040 2377 3087 gentium,
2394 3040 2525 3087 paucis
2541 3039 2670 3078 verbis

200 3108 359 3147 indicet.
407 3107 479 3153 Qui
503 3108 637 3146 scribit
659 3109 785 3155 verba,
810 3121 926 3156 quum
950 3110 1180 3146 diversarum
1205 3109 1374 3156 gentium
1399 3110 1583 3146 exercitus
1602 3110 1751 3154 rexerit,
1776 3109 1872 3145 bene
1892 3108 2075 3154 meminit,
2100 3112 2259 3155 quantos
2277 3109 2463 3146 exercitus
2479 3108 2676 3153 Hannibal.
