2899 3532
1269 179 1545 220 -10—

155 325 255 359 quae
278 313 330 350 M.
355 313 486 350 Cicero
511 324 588 350 non
613 313 804 360 sapienter
827 313 968 359 fecerit,
993 314 1097 360 quod
1122 314 1311 351 sociorum
1336 315 1448 351 saluti
1474 315 1715 359 consuluerit,
1740 318 1992 352 mercatorum
2015 315 2253 362 quorundam
2272 315 2530 363 impudentiae
2542 301 2649 355 resti·

156 382 248 417 terit
283 392 466 427 suamque
498 381 660 428 gloriam
695 382 837 418 virtute
875 382 1002 418 fratris
1034 384 1092 418 sui
1117 385 1248 430 augeri
1273 384 1452 428 voluerit,
1488 384 1537 419 ad
1561 384 1768 419 secundum
1793 395 1932 419 annum
1955 385 2153 421 referenda
2177 396 2258 421 esse
2282 389 2320 421 et
2343 386 2651 432 imprudentiam,

156 462 233 496 qua
257 451 436 487 inductus
460 451 685 496 permiserit,
710 457 753 486 ut
777 451 884 487 fratri
909 452 1110 497 imperium
1134 457 1417 500 prorogaretur,
1441 453 1608 499 priorem
1632 453 1767 489 ceteris
1791 452 1912 498 factis,
1936 465 2033 500 quae
2046 457 2326 499 commemorat,
2350 453 2474 502 fuisse.
2517 454 2652 501 Itaque

156 520 312 556 insolita
347 520 500 556 dicendi
536 520 634 556 ratio
672 523 730 556 est
753 520 1024 566 existimanda,
1062 521 1164 568 quod
1191 533 1306 568 quum
1332 522 1585 560 commiserim
1610 521 1718 566 dixit,
1742 521 1808 558 sed
1831 521 1947 559 habet
1970 533 2069 566 sane,
2094 532 2170 568 quo
2196 522 2418 568 explicetur.
2466 522 2521 569 Id,
2547 523 2651 570 quod

155 589 231 626 sibi
255 589 475 636 exprobrat,
501 589 609 635 quasi
633 589 760 625 altiori
786 601 879 625 voce
904 590 1126 635 pronuntiat
1149 601 1273 636 neque
1297 594 1510 636 temporum
1535 601 1635 626 nexu
1668 602 1754 627 cum
1785 591 1896 627 rebus
1933 592 2148 636 praeteritis
2184 591 2393 638 coniungit.
2453 592 2557 628 Haec
2593 595 2651 628 est

155 659 437 705 quodammodo
463 671 522 694 res
548 660 684 694 summi
708 660 901 702 momenti,
928 671 1041 703 quam
1067 671 1153 695 cum
1178 660 1294 696 fratre
1319 661 1453 697 absens
1478 660 1740 697 communicet.

366 727 502 763 Nullus
527 728 624 763 liber
649 727 808 763 Latinus
833 728 954 774 magis
980 725 1150 765 abundat
1175 728 1352 774 perfectis
1377 728 1627 773 coniunctivi,
1666 741 1778 775 quam
1804 729 1994 764 Ciceronis
2020 729 2067 764 de
2091 730 2312 765 Inventione
2336 730 2444 773 liber,
2470 731 2584 766 etiam
2608 730 2648 766 in

155 798 311 844 dialogo
348 797 396 833 de
421 797 580 832 Oratore
618 798 830 843 ceterisque
861 798 1014 843 scriptis
1047 798 1221 833 oratoriis
1253 797 1442 842 permulta
1473 797 1553 832 eius
1579 797 1727 843 generis
1753 798 1924 844 exempla
1949 798 2189 843 reperiuntur
2212 809 2281 834 nec
2305 809 2394 835 vero
2419 798 2537 834 ullum
2562 809 2647 845 per-

154 867 297 903 fectum
322 866 556 902 coniunctivi
582 869 717 910 exstat,
742 866 846 912 quod
870 877 939 912 pro
965 865 1336 912 plusquamperfecto
1368 866 1535 902 eiusdem
1570 866 1675 901 modi
1707 867 1873 911 positum
1905 879 1984 903 esse
2010 867 2125 905 dicas.
2176 867 2299 904 Unum
2324 868 2451 903 locum
2476 867 2514 902 in
2539 867 2651 903 Bruti

153 947 185 972 c.
210 937 256 972 26
280 935 406 981 reperi
431 935 593 971 huncce:

528 1004 603 1039 Sed
639 1015 709 1039 nec
744 1008 802 1039 est
838 1003 1021 1039 eiusmodi
1048 1004 1070 1037 i.
1096 1015 1125 1038 e.
1152 1003 1307 1048 Fannii,
1332 1005 1471 1047 oratio,
1496 1008 1539 1039 ut
1562 1015 1584 1038 a
1608 1004 1781 1049 pluribus
1807 1004 1963 1039 confusa
1987 1004 2178 1048 videatur3
2205 1016 2301 1040 unus
2327 1005 2426 1040 enim
2451 1001 2564 1040 sonus
2590 1009 2648 1041 est

430 1074 549 1109 totius
586 1073 769 1108 orationis
806 1075 844 1107 et
880 1072 979 1106 idem
1004 1072 1123 1115 stilus,
1159 1083 1228 1107 nec
1265 1072 1313 1107 de
1338 1072 1464 1107 Persio
1500 1073 1714 1107 reticuisset
1739 1072 1949 1117 Gracchus,
1986 1086 2101 1119 quum
2136 1077 2173 1109 et
2198 1073 2364 1109 Fannius
2398 1074 2445 1109 de
2474 1073 2647 1110 Menelao

430 1142 655 1177 Maratheno
681 1145 720 1177 et
744 1142 790 1176 de
815 1141 949 1176 ceteris
974 1140 1186 1184 obiecisset,
1210 1141 1432 1186 praesertim
1458 1153 1573 1186 quum
1598 1140 1763 1177 Fannius
1789 1154 1992 1189 numquam
2018 1143 2067 1179 sit
2091 1142 2242 1179 habitus
2268 1142 2441 1189 elinguis.

360 1224 503 1262 Ultima
538 1223 655 1260 verba
680 1221 812 1259 Cicero
848 1222 902 1258 ita
926 1221 1203 1268 pronuntiavit,
1240 1224 1282 1258 ut
1307 1233 1416 1258 omne
1439 1221 1620 1268 temporis
1657 1222 1822 1269 spatium
1858 1234 1977 1270 usque
2002 1222 2050 1260 ad
2074 1223 2192 1268 diem,
2225 1234 2298 1270 quo
2324 1233 2375 1268 se,
2398 1222 2448 1259 M.
2474 1222 2647 1268 Brutum,

149 1293 191 1329 T.
217 1293 471 1339 Pomponium
496 1292 666 1327 Atticum
703 1291 961 1336 colloquentes
998 1291 1045 1326 de
1081 1291 1256 1326 omnibus
1298 1293 1432 1337 populi
1458 1292 1618 1327 Romani
1643 1293 1858 1328 oratoribus
1897 1293 1997 1336 fecit,
2034 1294 2267 1340 cogitatione
2302 1293 2647 1338 comprehenderit.

151 1365 273 1409 Quam
313 1364 438 1399 bonus
475 1367 604 1396 orator
630 1361 795 1396 Fannius
821 1372 968 1405 semper
992 1360 1042 1395 sit
1066 1361 1235 1403 habitus,
1273 1373 1389 1406 quum
1414 1361 1678 1405 reminiscitur,
1704 1362 1817 1398 etiam
1843 1362 1936 1398 illud
1961 1363 2084 1408 ipsum
2111 1366 2271 1408 tempus,
2298 1374 2373 1409 quo
2401 1361 2568 1399 Fannius
2595 1362 2641 1399 de

150 1434 324 1469 Menelao
348 1432 571 1468 Maratheno
597 1435 634 1465 et
660 1431 795 1466 ceteris
821 1430 977 1472 obiecit,
1016 1429 1140 1464 animo
1173 1430 1447 1475 complectitur.
1497 1430 1647 1476 Itaque,
1683 1443 1799 1476 quum
1831 1431 2037 1478 disputatio
2062 1432 2264 1477 praecipue
2289 1431 2337 1467 ad
2361 1434 2510 1478 tempus
2535 1443 2643 1478 prae·

153 1503 310 1539 teritum
335 1500 536 1546 pertineat,
562 1497 977 1544 plusquamperfectum
1002 1498 1234 1534 coniunctivi
1260 1499 1411 1535 videtur
1440 1500 1677 1544 aptissimum
1704 1511 1796 1536 esse.

360 1570 468 1607 Libri
498 1569 612 1616 primi
644 1568 693 1604 de
716 1568 874 1604 Finibus
907 1568 1093 1604 bonorum
1131 1574 1168 1605 et
1200 1569 1385 1605 malorum
1411 1581 1490 1616 cap.
1519 1570 1538 1604 7
1563 1570 1688 1605 locum
1712 1569 1822 1605 nobis
1848 1569 2016 1615 praebet,
2043 1568 2108 1614 qui
2133 1568 2181 1603 ad
2207 1568 2420 1604 doctrinam
2445 1580 2558 1614 saepe
2583 1570 2645 1605 hic

148 1639 447 1678 confirmandam
472 1638 617 1684 aliquid
642 1638 798 1673 confert.
848 1637 974 1673 Verba
1000 1641 1087 1673 sunt
1111 1638 1221 1673 haec:

523 1708 632 1752 Quod
666 1719 754 1742 vero
794 1708 916 1741 securi
942 1707 1061 1742 filium
1085 1709 1324 1752 percusserit,
1350 1709 1554 1753 privavisse
1585 1721 1624 1744 se
1657 1709 1769 1744 etiam
1801 1709 1950 1744 videtur
1975 1709 2104 1743 multis
2130 1709 2401 1754 voluptatibus,
2427 1721 2542 1754 quum
2570 1710 2644 1754 ipsi

425 1782 583 1812 naturae
610 1778 810 1821 patrioque
834 1776 953 1811 amori
979 1776 1202 1821 praetulerit
1226 1777 1284 1813 ius
1310 1778 1515 1814 maiestatis
1541 1781 1656 1824 atque
1681 1778 1843 1823 imperii.

360 1846 556 1889 Ordinem,
594 1857 669 1891 quo
703 1846 822 1881 altera
854 1845 952 1881 actio
979 1847 1161 1882 successit
1185 1846 1314 1890 alteri,
1347 1858 1431 1882 cum
1456 1846 1558 1894 fingo
1584 1847 1721 1891 animo,
1746 1850 1788 1883 ut
1814 1846 1978 1892 primum
2003 1846 2236 1892 Torquatum
2261 1850 2418 1881 naturae
2443 1846 2645 1891 patrioque

147 1918 268 1954 amori
293 1917 518 1963 praetulisse
543 1916 600 1950 ius
625 1915 832 1951 maiestatis
858 1919 973 1960 atque
998 1915 1147 1961 imperii
1172 1915 1347 1959 arbitrer,
1375 1914 1510 1951 deinde
1534 1916 1751 1961 imperasse,
1778 1919 1818 1951 ut
1843 1915 1941 1951 filius
1968 1927 2055 1950 suus
2081 1916 2204 1951 securi
2228 1919 2499 1961 percuteretur.
2536 1914 2645 1950 Unde

144 1987 330 2033 sequitur,
356 1989 398 2022 ut
421 1985 515 2021 nihil
541 1985 759 2020 Ciceronem
783 1984 1034 2030 prohibuerit,
1061 1984 1260 2029 quominus
1286 1984 1656 2030 plusquamperfecto
1688 1985 1920 2020 coniunctivi
1945 1995 2014 2030 pro
2040 1984 2207 2029 perfecto
2232 1987 2413 2019 uteretur.
2454 1983 2556 2018 Duas
2582 1995 2641 2019 res

145 2056 428 2103 quodammodo
467 2055 505 2089 in
540 2066 650 2088 unam
684 2054 881 2096 conflavit,
918 2065 961 2088 ac
999 2053 1031 2088 si
1057 2053 1160 2088 dicas
1186 2053 1224 2088 in
1250 2065 1293 2089 eo
1320 2054 1413 2098 ipso,
1439 2053 1541 2099 quod
1566 2053 1686 2089 filium
1711 2066 1820 2088 suum
1844 2053 1970 2088 necari
1995 2053 2114 2095 iussit,
2140 2063 2359 2097 summaque
2384 2052 2579 2098 voluptate
2603 2064 2644 2088 se

142 2126 325 2173 privavit,
351 2125 510 2160 durities
547 2123 662 2159 animi
687 2123 835 2168 paterni
860 2123 1045 2167 cernitur,
1083 2134 1179 2168 quae
1204 2123 1260 2157 ius
1286 2123 1435 2168 imperii
1460 2123 1619 2158 Romani
1645 2123 1768 2168 patrio
1795 2123 1913 2157 amori
1938 2121 2127 2167 praeferre
2151 2133 2228 2157 non
2253 2121 2451 2157 dubitavit.
2500 2121 2644 2165 Cicero,

143 2196 317 2242 perfecto
355 2194 588 2229 coniunctivi
613 2205 722 2236 usus,
754 2192 935 2227 iudicium
962 2191 1009 2226 de
1033 2192 1192 2227 saevitia
1217 2192 1400 2238 Torquati
1427 2191 1516 2227 fecit
1540 2204 1662 2238 neque
1686 2192 1869 2227 rationem
1895 2191 2048 2226 alterius
2074 2191 2128 2227 rei
2152 2190 2299 2234 habuit,
2322 2191 2427 2226 euius
2453 2190 2545 2226 haec
2569 2190 2643 2226 fuit

143 2277 270 2301 causa.
318 2264 536 2307 Torquatus
562 2261 727 2307 primum
752 2272 901 2296 omnem
927 2261 1042 2296 animi
1067 2262 1217 2307 paterni
1242 2272 1392 2297 sensum
1418 2261 1568 2305 abiecit,
1593 2260 1729 2296 deinde
1754 2261 1793 2296 in
1812 2260 1929 2296 filium
1954 2260 2134 2295 atrociter
2152 2251 2420 2295 animadvertit
2437 2259 2642 2305 multisque

142 2332 405 2379 voluptatibus
432 2342 479 2366 ex
504 2330 648 2377 ingenii
674 2333 712 2365 et
736 2330 813 2365 vita
837 2329 905 2365 filii
932 2330 1186 2376 percipiendis
1211 2342 1251 2366 se
1277 2330 1450 2376 privavit.

354 2400 644 2446 Disputationes
672 2398 718 2433 de
743 2398 888 2433 Natura
913 2399 1071 2434 deorum
1096 2399 1135 2434 in
1160 2400 1224 2434 lib.
1251 2401 1283 2443 1,
1310 2411 1341 2434 c.
1367 2401 1410 2435 25
1436 2400 1534 2434 hunc
1560 2400 1685 2434 locum
1709 2399 1888 2434 offerunt:

512 2467 730 2513 (Epicurus)
757 2467 857 2502 idem
883 2467 974 2502 facit
999 2471 1133 2504 contra
1158 2468 1393 2511 dialecticos;
1419 2480 1440 2503 a
1466 2469 1602 2513 quibus
1617 2480 1734 2513 quum
1760 2468 1942 2504 traditum
1967 2467 2016 2503 sit
2041 2467 2079 2502 in
2104 2467 2278 2502 omnibus
2303 2467 2638 2511 disiunctionibus,

418 2539 456 2574 in
494 2537 633 2584 quibus
671 2540 737 2572 aut
763 2536 894 2580 etiam,
930 2540 996 2573 aut
1020 2547 1111 2581 non,
1149 2540 1373 2583 poneretur,
1398 2537 1621 2572 alterutrum
1646 2547 1777 2571 verum
1803 2546 1901 2579 esse,
1925 2535 2133 2581 pertimuit,
2157 2546 2215 2578 ne,
2241 2535 2272 2569 si
2297 2545 2518 2570 concessum
2543 2540 2643 2570 esset

418 2605 637 2642 huiusmodi
663 2606 820 2652 aliquid,
845 2607 924 2641 Aut
947 2606 1052 2641 vivet
1076 2617 1158 2641 cras
1184 2609 1250 2641 aut
1274 2617 1350 2641 non
1377 2606 1475 2641 vivet
1500 2606 1702 2650 Epicurus,
1729 2607 1952 2641 alterutrum
1978 2603 2085 2639 fieret
2108 2604 2377 2648 necessarium,
2408 2608 2530 2640 totum
2556 2604 2642 2647 hoc,

416 2681 482 2712 aut
506 2678 620 2712 etiam
646 2679 713 2712 aut
738 2688 824 2719 non,
849 2677 1004 2722 negavit
1028 2688 1107 2711 esse
1132 2676 1395 2711 necessarium.

353 2748 533 2783 Dubitari
570 2747 674 2782 nullo
713 2746 826 2782 modo
852 2750 993 2792 potest,
1032 2746 1124 2791 quin
1160 2746 1334 2791 plerique
1370 2746 1549 2791 scripti-:ri
1585 2738 1726 2782 fuerint
1762 2744 1945 2782 traditum
1982 2746 2091 2780 esset.
2141 2743 2225 2788 Res,
2251 2754 2348 2790 quae
2372 2746 2561 2787 narratur,
2586 2741 2636 2777 ad

135 2822 286 2864 tempus
315 2817 576 2863 praeteritum,
600 2819 762 2851 aetatem
788 2815 948 2861 Epicuri
971 2815 1144 2859 refertur,
1170 2815 1271 2860 quod
1297 2826 1318 2850 e
1342 2815 1467 2850 verbis
1492 2815 1691 2861 pertimuit
1715 2818 1754 2851 et
1777 2814 1932 2861 negavit
1955 2813 2046 2849 satis
2071 2813 2308 2858 intelligitur.
2364 2812 2495 2849 Cicero
2510 2812 2640 2848 dicens

132 2887 317 2923 traditum
357 2887 424 2929 sit,
461 2898 536 2921 non
574 2886 735 2931 Epicuri
771 2889 943 2929 tempora
968 2885 1139 2929 respicit,
1176 2884 1241 2920 sed
1272 2884 1399 2928 potius
1439 2896 1545 2919 suam
1570 2888 1743 2920 aetatem.
1791 2883 1839 2918 Ei
1865 2882 2008 2919 sufficit
2032 2882 2158 2918 dicere
2183 2882 2349 2928 aliquam
2374 2881 2587 2917 doctrinam
2614 2892 2639 2917 a

133 2955 343 2994 dialecticis
381 2954 565 2991 traditam
600 2966 704 2999 esse,
743 2965 840 3001 quae
877 2953 908 2989 si
944 2963 1033 2990 vere
1069 2951 1210 2989 tradita
1233 2951 1438 2999 aliquando
1464 2955 1556 2997 erat,
1596 2951 1682 2988 fieri
1705 2952 1850 2997 potuit,
1876 2956 1918 2987 ut
1941 2951 2131 2997 Epicurus
2156 2961 2238 2985 eam
2264 2951 2455 2996 cognitam
2479 2950 2640 2984 haberet

133 3035 293 3072 eamque
332 3023 589 3069 antiquiorem
627 3025 704 3058 suis
742 3024 857 3058 dictis
894 3033 975 3057 esse
1010 3023 1134 3057 sciret.
1183 3022 1303 3057 Nemo
1341 3033 1506 3066 unquam
1556 3021 1761 3055 contendet
1797 3021 1966 3055 futurum
1990 3019 2121 3062 fuisse,
2158 3023 2200 3055 ut
2223 3018 2636 3064 plusquamperfectum

127 3095 388 3136 coniunctivi,
426 3095 457 3128 si
483 3094 629 3128 librarii
655 3094 914 3137 scripsissent,
945 3106 967 3128 a
998 3093 1088 3127 viris
1115 3092 1236 3127 doctis
1262 3092 1553 3135 vituperaretur.
1601 3091 1762 3127 Tantum
1789 3091 1888 3127 enim
1915 3089 2033 3134 abest,
2060 3092 2100 3125 ut
2125 3087 2247 3135 possit
2272 3100 2294 3125 a
2319 3098 2510 3135 quoquam
2535 3086 2635 3125 vitu-

133 3164 274 3211 perari,
302 3167 345 3200 ut
368 3163 604 3210 scriptorum
630 3162 904 3199 consuetudine
929 3166 966 3199 et
992 3172 1176 3199 consensu
1202 3160 1386 3209 postulari
1412 3159 1594 3197 videatur.
