2899 3532
182 305 401 342 porumque
426 268 729 338 continebantur,
753 295 793 329 in
816 294 968 330 brevius
994 294 1218 330 contrahere
1242 295 1442 339 studuerit,
1467 306 1543 330 non
1568 298 1627 331 est
1649 295 1797 339 mirum,
1823 295 1926 341 quod
1950 294 2092 331 diutius
2116 295 2157 330 in
2180 283 2293 331 rebus
2317 295 2516 334 narrandis
2530 288 2727 346 venari

180 363 313 401 nolens
346 363 456 410 quasi
491 362 735 399 adumbratas
775 362 962 398 factorum
993 362 1178 409 imagines
1203 363 1425 409 aequalibus
1449 364 1687 410 posterisque
1711 364 1922 409 proposuit,
1945 366 2138 409 tamquam
2162 374 2222 400 res
2247 374 2323 400 non
2347 367 2475 402 essent
2502 348 2676 411 pluribus
2691 384 2707 412 i

182 434 272 469 ante
298 431 456 468 ·aeculis
481 434 600 475 actae,
626 430 692 467 sed
716 430 830 466 modo
855 433 1033 476 peractae
1058 431 1165 467 brevi
1190 432 1361 474 oratione
1385 432 1677 467 illustrarentur.
2387 437 2393 453 ·

389 500 556 543 Primus,
594 511 705 545 quem
746 499 924 544 detegere
962 500 1087 543 potui,
1125 500 1231 534 locus
1270 501 1411 546 legitur
1443 500 1545 545 apud
1568 501 1760 536 Justinum
1791 501 1830 535 in
1852 499 1942 534 libri
1967 500 2090 545 quinti
2115 500 2239 545 capite
2264 503 2371 536 sexto
2395 500 2530 547 hisque
2551 478 2678 540 verbis
2713 544 2717 550 ,-
2760 488 2803 535 ’.ν

181 569 475 615 comprehensus
486 582 494 603 ε

458 636 579 673 Tanta
603 636 723 672 virtus
750 635 962 672 animorum
987 635 1073 680 fuit,
1100 638 1141 672 ut
1166 648 1281 683 quum
1307 636 1420 683 paulo
1447 639 1533 673 ante
1558 636 1717 673 salutem
1743 635 2036 683 desperaverint,
2061 637 2297 684 speraverint
2319 637 2530 675 victoriam.

389 705 510 743 Nemo
537 709 604 750 est,
630 706 695 752 qui
720 716 797 741 non
821 705 951 741 videat
974 705 1132 741 eandem
1158 707 1385 740 sententiam
1414 705 1527 752 vulgo
1553 706 1607 740 ita
1630 706 1717 750 dici,
1742 709 1785 740 ut
1809 716 1879 750 pro
1896 705 1942 739 iis
1959 705 2163 740 verborum
2181 706 2323 749 formis,
2349 717 2442 752 quas
2459 706 2547 742 libri
2563 718 2677 744 manu

181 778 315 821 scripti
342 777 600 818 tradiderunt,
633 778 826 819 ponantur
851 775 1153 819 desperavissent
1177 780 1215 810 et
1239 781 1444 819 sperarent,
1470 787 1699 819 quamquam
1725 775 1988 810 coniunctivus
2010 775 2170 819 perfecti
2194 780 2350 820 propter
2374 775 2678 813 coniunctionem
2724 799 2727 802 «

182 848 226 881 ut
249 845 290 881 in
314 843 506 890 eiusmodi
530 843 735 880 enuntiatis
760 842 978 889 saepissime
992 842 1143 879 dicitur.
1185 843 1358 889 Scriptor
1375 843 1491 890 igitur
1508 854 1584 878 non
1601 847 1752 879 secutus
1769 854 1895 879 rerum
1913 845 2081 879 actarum
2096 842 2229 880 seriem
2246 843 2336 879 satis
2353 842 2469 880 habet
2490 853 2678 880 summum

180 913 470 963 Atheniensium
495 917 639 949 metum
664 923 924 957 summamque
949 911 1131 947 victoriae
1157 910 1335 946 fiduciam
1361 911 1538 947 indicare.
1588 911 1848 955 Athenienses,
1874 923 2103 957 quamquam
2139 912 2187 947 ad
2219 911 2350 947 salutis
2376 911 2677 957 desperationem

189 984 298 1018 erant
322 981 497 1026 adducti,
534 981 734 1016 victoriam
767 992 918 1026 sperare
950 980 1032 1015 ausi
1066 983 1166 1015 sunt.
1214 979 1387 1015 Justinus
1413 979 1487 1014 duo
1513 979 1623 1022 facta,
1648 979 1948 1024 desperationem
1973 984 2087 1026 atque
2113 992 2231 1026 spem,
2255 981 2310 1015 ita
2332 980 2511 1031 narravit,
2535 983 2579 1016 ut
2601 991 2679 1017 non

181 1051 357 1087 videatur
379 1062 510 1086 earum
535 1050 709 1085 ordinem
734 1051 772 1084 in
798 1050 955 1084 historia
980 1048 1205 1084 servandum
1230 1049 1449 1093 respexisse.
1497 1048 1628 1083 Altera
1652 1060 1710 1083 res
1736 1049 1992 1085 memorabilis
2014 1050 2126 1095 juxta
2151 1051 2310 1085 alteram
2334 1051 2485 1097 legitur.
2526 1049 2598 1094 Qui
2623 1061 2678 1096 ea,

180 1132 280 1166 quae
303 1119 418 1155 modo
443 1120 526 1165 ipse
549 1119 657 1162 vidit,
680 1121 820 1162 narrat,
848 1119 881 1153 ei
906 1118 1054 1153 facilius
1079 1117 1171 1153 haec
1196 1118 1376 1163 loquendi
1404 1119 1499 1152 ratio
1526 1118 1572 1152 ab
1602 1118 1777 1153 omnibus
1802 1118 2041 1154 concedetur.

390 1186 618 1223 Continuata.
644 1198 773 1222 earum
798 1187 1042 1222 historiarum
1068 1186 1230 1222 lectione
1255 1185 1303 1221 ad
1331 1187 1470 1221 librum
1495 1190 1644 1221 sextum
1675 1187 1830 1232 eiusque
1856 1190 1970 1232 caput
1995 1186 2201 1222 secundum
2226 1186 2316 1222 haec
2342 1187 2457 1222 verba
2480 1186 2661 1234 legimus:

461 1254 607 1300 Quibus
634 1265 747 1300 quam
772 1254 879 1299 paria
907 1255 1034 1290 omnia
1061 1255 1213 1290 fortuna
1238 1255 1397 1299 dederit,
1422 1255 1604 1292 invictum
1630 1260 1756 1290 tamen
1781 1257 1827 1290 ab
1854 1255 1973 1290 altero
1999 1259 2202 1301 utrumque
2226 1256 2400 1290 servavit.

388 1324 561 1360 Justinus
587 1324 728 1359 multus
755 1326 814 1358 est
838 1323 877 1358 in
902 1323 1103 1359 laudandis
1127 1325 1296 1371 Agesilai
1320 1324 1609 1360 Lacedaemonii
1637 1328 1674 1359 et
1699 1324 1860 1359 Cononis
1886 1319 2126 1360 Atheniensis
2159 1325 2375 1360 virtutibus.
2423 1324 2576 1361 Nullum
2606 1315 2692 1370 par·

180 1394 323 1429 ducum
347 1397 426 1429 tam
450 1393 548 1428 bene
566 1395 827 1437 comparatum
852 1391 977 1435 fuisse,
1003 1397 1177 1436 aetatem,
1202 1394 1394 1437 virtutem,
1419 1394 1627 1436 consilium,
1652 1393 1875 1438 sapientiam
1894 1394 2045 1439 utrique
2061 1405 2182 1439 prope
2199 1405 2323 1437 unam,
2347 1394 2507 1440 gloriam
2526 1405 2678 1440 quoque

178 1474 306 1500 rerum
337 1465 531 1509 gestarum
562 1461 720 1497 eandem
752 1461 876 1496 fuisse.
939 1461 982 1497 In
1009 1461 1347 1498 commemorandis
1373 1462 1519 1498 duobus
1544 1461 1653 1497 factis
1679 1461 1895 1509 acquiescit,
1919 1462 2074 1498 summis
2099 1463 2270 1499 fortunae
2297 1463 2448 1499 dotibus
2474 1466 2677 1511 utrumque

177 1532 385 1579 insignem,
421 1535 598 1566 neutrum
635 1530 790 1564 alterius
825 1530 1008 1564 victorem
1039 1530 1236 1565 exstitisse.
1286 1530 1326 1564 Si
1351 1541 1409 1564 res
1434 1530 1579 1573 eodem,
1605 1541 1679 1576 quo
1703 1530 1826 1566 ,tactae
1851 1534 1950 1574 sunt,
1975 1531 2109 1566 ordine
2134 1543 2288 1566 narrare
2311 1532 2501 1575 voluisset,
2525 1535 2678 1577 poterat

179 1600 423 1646 debebatque
453 1599 619 1634 scribere
657 1598 824 1633 dedisset
860 1608 930 1642 pro
956 1598 1114 1633 dederit.
1163 1598 1359 1633 Facillime
1383 1599 1481 1633 enirn
1507 1598 1734 1644 intelligitur
1758 1600 1978 1644 Agesilaum
2002 1602 2041 1634 et
2065 1599 2256 1635 Cononem
2280 1599 2473 1634 beneficiis
2497 1599 2671 1636 fortunae

178 1673 333 1706 ornatos
359 1669 589 1714 adiutosque
614 1679 705 1712 esse,
732 1672 938 1712 antequam
963 1668 1058 1702 alter
1082 1668 1129 1702 ab
1155 1668 1274 1702 altero
1300 1668 1463 1703 invictus
1488 1668 1527 1702 in
1552 1671 1657 1703 tanto
1683 1670 1866 1703 virtutum
1896 1668 2185 1713 studiorumque
2218 1669 2424 1704 certamine
2453 1672 2677 1706 servaretur.

387 1737 451 1775 Ad
475 1737 659 1784 exempla,
684 1749 781 1783 quae
806 1736 880 1772 duo
909 1737 981 1771 iam
1007 1737 1120 1772 allata
1144 1739 1232 1772 sunt
1256 1747 1304 1772 ex
1329 1736 1469 1773 Justini
1493 1736 1676 1781 historiis,
1699 1737 1761 1772 ille
1787 1749 1938 1784 quoque
1955 1738 2071 1782 locus,
2096 1739 2161 1784 qui
2179 1738 2218 1773 in
2235 1738 2324 1773 libri
2343 1738 2531 1774 undecimi
2546 1738 2670 1784 capite

178 1809 293 1845 tertio
320 1807 471 1844 decimo
495 1807 710 1853 legentibus
736 1806 915 1849 occurrit,
938 1805 1156 1840 referendus
1183 1809 1253 1840 est:

552 1875 676 1919 Quum
713 1873 762 1908 ad
803 1885 969 1919 pugnam
1007 1873 1108 1907 solus
1134 1884 1202 1907 rex
1228 1873 1385 1916 deesset,
1421 1885 1443 1907 a
1468 1873 1715 1908 Parmenione
1740 1885 1850 1919 aegre
1880 1874 2076 1917 excitatus,
2103 1874 2370 1918 quaerentibus
2396 1874 2518 1908 somni
2543 1884 2675 1908 causas

456 1943 632 1978 omnibus
670 1942 769 1976 inter
806 1941 989 1985 pericula,
1028 1953 1143 1986 quum
1180 1942 1295 1976 etiam
1332 1941 1371 1975 in
1409 1941 1487 1975 otio
1520 1952 1667 1985 semper
1692 1942 1842 1986 parcior
1867 1941 2000 1986 fuerit,
2025 1953 2162 1988 magno
2188 1953 2229 1978 se
2252 1946 2359 1977 aestu
2384 1942 2586 1978 liberatum
2610 1941 2674 1984 ait,

456 2022 706 2057 somnumque
737 2011 811 2046 sibi
847 2023 869 2045 a
905 2010 1101 2056 repentina
1137 2010 1340 2045 securitate
1378 2009 1519 2053 datum,
1556 2010 1657 2055 quod
1695 2010 1826 2046 liceret
1860 2022 1944 2046 cum
1971 2011 2144 2047 omnibus
2171 2011 2285 2047 Darei
2312 2011 2431 2057 copiis
2456 2010 2674 2058 confligere;

458 2082 622 2118 veritum
647 2091 687 2116 se
714 2080 868 2126 longam
894 2079 983 2114 belli
1008 2091 1161 2123 moram,
1187 2080 1219 2115 si
1244 2080 1381 2115 Persae
1406 2080 1613 2115 exercitum
1641 2080 1869 2116 divisissent.

552 2151 613 2187 Ex
639 2150 790 2186 duobus
815 2149 1046 2194 imperfectis
1073 2153 1110 2184 et
1134 2161 1208 2184 uno
1237 2148 1607 2195 plusquamperfecto
1634 2150 1866 2185 coniunctivi
1891 2150 1982 2185 satis
2008 2150 2139 2197 colligi
2174 2154 2303 2195 potest
2326 2162 2454 2186 omnes
2479 2150 2546 2186 has
2572 2150 2675 2197 cogi—

455 2222 619 2257 tationes
656 2219 705 2254 ad
741 2218 949 2268 praeterita
980 2222 1150 2263 tempora
1175 2218 1307 2254 referri
1335 2229 1456 2263 neque
1482 2230 1502 2254 e
1526 2218 1647 2254 forma
1674 2219 1867 2264 participii
1893 2219 2102 2264 praesentis
2128 2219 2396 2264 quaerentibus
2420 2220 2541 2265 repeti
2565 2231 2676 2265 posse

458 2290 556 2325 hanc
592 2289 731 2335 legem,
769 2291 812 2323 ut
842 2287 1052 2333 perfectum
1094 2288 1327 2322 coniunctivi
1361 2287 1474 2323 fuerit
1505 2289 1717 2323 necessario
1743 2288 1864 2323 solum
1890 2287 2125 2324 admittatur.
2174 2288 2297 2333 Quum
2322 2289 2448 2324 omnia
2472 2300 2518 2324 ex
2541 2289 2676 2324 animis

454 2359 635 2401 virorum,
660 2357 724 2402 qui
749 2368 836 2392 cum
860 2356 1078 2391 Alexandro
1104 2356 1245 2403 Magno
1271 2368 1438 2402 pugnam
1464 2357 1511 2392 ad
1536 2357 1678 2392 Arbela
1702 2358 1937 2393 committere
1962 2358 2157 2403 optabant,
2184 2357 2286 2393 dicta
2302 2358 2388 2401 sint,
2412 2358 2675 2404 unusquisque

454 2427 571 2462 malet
595 2426 721 2461 dicere
745 2425 887 2469 fuisset,
913 2437 1024 2471 quam
1050 2425 1173 2461 fuerit.
1221 2425 1367 2461 Eadem
1391 2427 1577 2462 sententia
1607 2427 1659 2461 ita
1683 2427 1922 2472 pronuntiari
1946 2429 2088 2472 potest:
2117 2426 2251 2462 Cuncti
2277 2438 2406 2462 causas
2425 2427 2561 2462 sommi
2576 2427 2675 2462 iusto

455 2496 652 2542 longioris,
690 2507 782 2541 quas
819 2506 895 2529 non
931 2499 1107 2539 poterant
1144 2496 1376 2541 cogitatione
1402 2496 1555 2541 fingere,
1582 2497 1843 2541 quaesierunt,
1881 2507 1998 2540 quum
2028 2495 2142 2530 etiam
2174 2496 2213 2530 in
2245 2496 2322 2531 otio
2355 2507 2503 2541 semper
2527 2495 2678 2541 parcior

458 2564 602 2600 fuisset.

385 2634 429 2670 In
453 2633 541 2669 libri
567 2631 785 2668 duodecimi
810 2632 935 2678 capite
959 2634 1064 2667 sexto
1091 2631 1237 2666 decimo
1263 2631 1442 2678 leguntur
1466 2632 1559 2667 haec
1584 2632 1719 2668 verba:

552 2702 673 2747 Quam
699 2700 988 2746 (Olympiadem,
1024 2705 1182 2736 matrem
1208 2701 1415 2736 Alexandri
1441 2701 1584 2748 Magni)
1624 2714 1741 2748 quum
1767 2701 2019 2737 Aeacidarum
2059 2713 2149 2747 gens
2187 2701 2234 2736 ab
2272 2701 2405 2737 ultima
2440 2700 2676 2736 saeculorum

455 2772 637 2808 memoria
661 2774 700 2808 et
724 2782 843 2818 regna
872 2771 1008 2816 patris,
1052 2769 1194 2814 fratris,
1226 2770 1353 2805 mariti
1384 2781 1427 2805 ac
1459 2770 1639 2816 deinceps
1664 2771 1849 2807 maiorum
1875 2770 2044 2807 omnium
2080 2770 2363 2814 illustraverint,
2388 2769 2526 2805 nullius
2551 2772 2677 2806 tamen

452 2841 623 2883 nomine,
660 2850 775 2885 quam
801 2838 887 2882 filii,
925 2839 1062 2873 clarior
1099 2839 1181 2875 fuit.
1233 2840 1446 2884 Olympias,
1490 2841 1573 2884 illa,
1612 2853 1725 2885 quam
1751 2841 1935 2883 diximus,
1960 2840 2212 2875 Macedonum
2237 2840 2386 2885 regina,
2411 2850 2527 2884 quum
2552 2850 2574 2874 e
2598 2839 2678 2873 vita

176 2909 369 2955 rebusque
406 2909 525 2955 gestis
562 2909 768 2943 multorum
804 2909 974 2942 virorum
1010 2920 1216 2953 eorumque
1253 2909 1544 2944 fortissimorum
1583 2922 1760 2955 magnam
1786 2911 1945 2956 gloriam
1970 2912 2175 2943 consecuta
2199 2912 2307 2950 esset,
2331 2919 2400 2952 per
2424 2907 2544 2942 filium
2567 2899 2677 2942 suum

175 2991 341 3016 summas
365 2978 496 3014 laudes
521 2982 633 3014 nacta
657 2990 738 3014 esse
766 2977 916 3013 dicitur.
966 2976 1053 3012 Non
1077 2981 1134 3013 est
1159 2977 1330 3021 dubium,
1367 2978 1458 3022 quin
1498 2989 1557 3013 res
1596 2978 1643 3014 ab
1668 2978 1885 3014 Alexandro
1927 2978 2068 3024 Magno
2105 2981 2234 3024 gestae
2259 2980 2347 3022 post
2370 2976 2555 3013 maiorum
2579 2975 2679 3012 facta

176 3046 530 3085 commemorandae
565 3047 654 3084 sint.
714 3047 783 3091 Iis,
821 3058 983 3092 quorum
1020 3046 1183 3092 scriptor
1207 3045 1298 3082 fecit
1323 3047 1571 3091 mentionem,
1610 3047 1829 3084 Alexander
1853 3046 2036 3083 successit
2060 3057 2265 3092 omnesque
2289 3045 2450 3082 nominis
2475 3043 2679 3092 splendore

175 3117 382 3165 superavit.
428 3116 598 3154 Primum
622 3117 743 3164 igitur
768 3128 790 3152 a
814 3119 935 3163 patre,
961 3116 1090 3161 fratre,
1113 3116 1249 3152 marito
1276 3117 1438 3163 egregie,
1463 3116 1529 3153 sed
1556 3117 1647 3153 satis
1676 3117 1791 3153 etiam
1817 3129 1838 3153 a
1862 3117 2068 3153 maioribus
2086 3116 2261 3152 omnibus
2280 3115 2471 3162 Olympias
2489 3115 2679 3152 illustrata
