2899 3532
381 328 426 363 In
450 328 514 363 lib.
543 328 572 370 l,
598 338 628 363 c.
658 329 700 362 14
725 326 817 361 haec
842 327 959 361 verba
984 330 1150 363 exstant:

546 395 628 442 Quo
654 399 826 442 tempore
851 396 934 441 quis
961 396 1118 433 cessisse
1141 396 1290 433 hostem
1312 396 1526 442 mirabitur,
1553 408 1669 444 quum
1694 396 1790 432 alter
1815 395 2011 433 consulum
2035 395 2155 433 filium
2180 409 2300 443 suum,
2326 397 2416 445 quia
2439 400 2574 435 contra
2597 397 2667 435 im-

450 467 597 511 perium
621 468 868 512 pugnaverat,
894 466 1066 510 quamvis
1091 466 1275 502 victorem
1300 466 1496 510 occiderit,
1522 466 1629 512 quasi
1653 467 1738 512 plus
1762 466 1801 500 in
1827 466 1986 512 imperio
2012 470 2120 511 esset,
2145 477 2259 513 quam
2283 467 2322 503 in
2355 467 2533 511 victoria,
2569 467 2666 503 alter

449 534 558 579 quasi
584 533 731 568 monitu
757 532 925 576 deorum,
950 535 1075 579 capite
1100 535 1234 578 velato,
1258 536 1418 580 primam
1445 540 1531 570 ante
1555 534 1675 570 aciem
1700 535 1771 570 diis
1797 535 1970 570 manibus
1995 546 2035 571 se
2048 534 2254 579 devoverit,
2279 539 2322 571 ut
2338 535 2376 570 in
2390 534 2667 571 confertissima

449 613 488 637 se
514 602 678 636 hostium
703 601 780 636 tela
804 602 989 636 iaculatus
1014 613 1155 638 novum
1179 603 1227 638 ad
1252 604 1451 639 victoriam
1476 604 1548 638 iter
1573 603 1767 648 sanguinis
1793 604 1851 637 sui
1876 603 2010 638 semita
2033 603 2226 648 aperiret?

379 682 436 716 Ea
460 682 587 724 verba,
614 692 710 727 quae
736 682 1003 718 coniunctione
1028 695 1144 728 quum
1169 686 1364 729 reguntur,
1388 695 1464 718 non
1489 683 1538 717 ad
1563 683 1826 728 explicandam
1850 683 1926 717 vim
1953 683 2061 718 verbi
2085 683 2296 727 mirabitur,
2321 683 2387 723 sed
2411 683 2459 718 ad
2475 683 2665 719 illustran-

169 753 258 788 dam
282 754 508 798 potestatem
546 751 724 787 infinitivi
758 752 914 788 cessisse
946 753 1148 798 pertinent.
1197 752 1307 798 Quod
1333 765 1448 799 quum
1472 752 1528 787 ita
1550 751 1610 796 sit,
1628 753 1783 798 proprie
1807 751 2179 798 plusquamperfecta
2203 752 2436 788 coniunctivi
2460 751 2664 789 occidisset

168 825 207 854 et
233 819 448 854 devovisset
486 819 765 854 desiderantur.
814 820 948 855 Manlii
975 821 1157 866 Torquati
1183 820 1282 854 filius
1308 821 1409 855 iussu
1447 821 1566 865 patris
1592 822 1668 855 iam
1694 821 1843 856 occisus
1870 824 1969 864 erat,
2005 822 2142 856 Decius
2168 823 2252 857 Mus
2277 822 2352 857 iam
2377 833 2416 856 se
2441 821 2513 856 diis
2537 820 2666 857 inferis

168 888 390 931 devoverat,
429 900 545 933 quum
582 888 703 924 hostis
735 889 915 925 Romanis
954 890 1080 925 cessit.
1142 890 1347 935 Scriptoris
1380 891 1545 926 breviter
1570 892 1758 926 narrantis
1783 892 1945 926 maxime
1970 895 2028 926 est
2051 890 2187 934 dicere,
2213 891 2306 936 quid
2330 891 2407 926 duo
2433 891 2667 927 exercituum

170 957 285 994 duces
317 956 366 993 ad
401 957 630 993 firmandum
667 958 867 1004 imperium
894 959 1180 1005 augendamque
1205 958 1367 995 nominis
1393 958 1553 995 Romani
1578 958 1843 995 auctoritatem
1869 970 1982 1005 supra
2009 960 2220 994 ceterorum
2244 957 2422 993 virtutem
2448 960 2486 994 et
2510 967 2665 993 consue-

169 1024 341 1060 tudinem
366 1024 536 1061 fecerint.
585 1026 719 1072 Itaque
745 1026 927 1073 Torquati
965 1026 1215 1063 adulescentis
1246 1026 1474 1072 supplicium
1499 1026 1681 1073 Deciiquo
1706 1026 1857 1063 devotio
1882 1038 1957 1063 non
1983 1028 2037 1062 ita
2060 1029 2272 1070 narrantur,
2297 1029 2340 1061 ut
2364 1025 2473 1061 clade
2498 1025 2666 1061 hostium

170 1095 302 1139 priora
339 1095 453 1130 fuisse
489 1095 701 1132 videantur.
751 1097 848 1132 Sunt
884 1097 981 1131 duae
1017 1108 1077 1132 res
1113 1097 1275 1132 maxime
1301 1095 1564 1131 memorabiles
1601 1096 1733 1140 populi
1759 1096 1930 1140 Romani,
1957 1108 2053 1142 quae
2078 1108 2152 1142 quo
2178 1100 2349 1140 tempore
2375 1099 2463 1130 ante
2487 1094 2578 1129 alias
2603 1105 2664 1130 res

170 1168 348 1210 peractae
373 1164 459 1208 sint,
485 1163 693 1201 dummodo
719 1165 836 1201 factas
862 1178 941 1202 csse
967 1168 1126 1209 constet,
1150 1165 1282 1202 dicere
1307 1164 1400 1200 nihil
1425 1164 1570 1200 attinet.

381 1243 424 1278 In
450 1243 514 1278 lib.
540 1245 573 1287 3,
600 1255 630 1279 c.
655 1246 677 1279 2
702 1244 796 1280 haec
822 1245 936 1280 verba
965 1245 1129 1290 scriptor
1154 1245 1285 1281 habet:

545 1312 747 1358 Utriusque
773 1314 955 1348 victoriae
980 1314 1083 1359 quod
1110 1319 1370 1360 quantumque
1394 1314 1574 1361 gaudium
1600 1315 1724 1358 fuerit,
1754 1315 1808 1350 vel
1822 1315 1909 1350 hinc
1924 1315 2131 1350 existimari
2146 1317 2282 1360 potest,
2309 1312 2411 1359 quod
2426 1315 2464 1348 et
2477 1312 2666 1347 Domitius

450 1384 701 1418 Aenobarbus
740 1386 778 1418 et
814 1383 953 1418 Fabius
979 1384 1165 1419 Maximus
1196 1384 1306 1429 ipsis,
1344 1385 1480 1429 quibus
1506 1385 1790 1426 dimicaverant,
1827 1385 1919 1419 locis
1951 1396 2081 1419 saxeas
2118 1395 2270 1419 erexere
2295 1388 2417 1418 turres
2443 1385 2481 1417 et
2504 1381 2668 1426 desuper

468 1457 651 1488 exornata
676 1453 789 1487 armis
816 1453 1016 1488 hostilibus
1041 1456 1199 1498 tropaea
1223 1453 1350 1498 fixere,
1376 1466 1492 1499 quum
1516 1453 1578 1488 hic
1602 1463 1683 1488 mos
1709 1452 1911 1488 inusitatus
1938 1452 2053 1489 fuerit
2076 1452 2226 1488 nostris.

381 1532 798 1578 Plusquamperfectum
830 1534 1000 1580 adeoque
1032 1535 1295 1580 imperfectum
1326 1534 1559 1570 coniunctivi
1592 1533 1726 1569 melius
1752 1534 1790 1568 in
1815 1533 1918 1568 hunc
1944 1533 2070 1568 locum
2095 1532 2268 1579 quadrat.
2324 1531 2452 1567 Latini
2484 1530 2666 1567 sermonis

171 1600 369 1647 proprium
407 1606 464 1636 est
500 1603 607 1636 extra
644 1602 803 1637 aliarum
829 1604 1100 1638 sententiarum
1126 1615 1282 1647 nexum,
1308 1603 1494 1649 particula
1518 1615 1634 1648 quum
1659 1603 1825 1647 absente,
1852 1602 2060 1647 perfectum
2085 1602 2282 1637 indicativi
2306 1601 2535 1647 permittere.
2583 1600 2666 1635 Mos

170 1671 334 1706 turrium
371 1682 571 1706 saxearum
608 1671 874 1717 erigendarum
915 1672 973 1709 vel
1011 1677 1254 1718 tropaeorum
1292 1671 1530 1718 figendorum
1567 1672 1615 1706 ad
1654 1671 1942 1717 propagandam
1967 1671 2150 1706 victoriae
2175 1671 2394 1706 memoriam
2420 1669 2469 1705 ad
2494 1672 2667 1714 tempora

170 1740 329 1776 Domitii
353 1741 574 1777 Aenobarbi
600 1744 638 1776 et
660 1740 770 1776 Fabii
796 1741 950 1777 Maximi
977 1743 1178 1777 inusitatus
1203 1742 1326 1777 fuerat
1351 1745 1389 1776 et
1413 1741 1457 1775 iis
1483 1741 1574 1786 ipsis
1593 1740 1838 1785 temporibus,
1865 1739 2001 1785 quibus
2015 1740 2261 1775 victoriarum
2275 1741 2517 1774 monumenta
2530 1749 2664 1784 posue-

171 1814 272 1855 runt,
297 1811 425 1846 adhuc
450 1816 532 1847 erat
557 1811 742 1847 insolitus.

381 1891 563 1927 Eiusdem
590 1891 676 1924 libri
702 1902 733 1926 c.
759 1893 780 1927 5
810 1891 978 1938 legentes
1006 1893 1041 1926 in
1068 1892 1160 1927 haec
1184 1891 1301 1927 verba
1325 1892 1544 1926 incidimus:

543 1960 634 1995 Inde
650 1960 901 2004 Mithridates,
928 1962 1095 1996 omnium
1112 1962 1272 2007 (regum)
1299 1961 1411 2006 longe
1435 1961 1632 2003 maximus,
1658 1961 1800 2006 quippe
1816 1972 1931 2005 quum
1947 1963 2109 2005 quatuor
2122 1960 2278 2005 Pyrrho,
2303 1960 2433 1995 decem
2459 1962 2497 1995 et
2520 1962 2662 2004 septem

451 2028 655 2063 Hannibali
693 2027 927 2071 suffecerint,
964 2028 1027 2063 ille
1058 2040 1127 2074 per
1158 2028 1414 2075 quadraginta
1445 2040 1561 2064 annos
1594 2029 1751 2072 restitit,
1786 2029 1905 2064 donec
1938 2027 2060 2063 tribus
2096 2027 2313 2074 ingentibus
2348 2027 2457 2064 bellis
2483 2028 2663 2064 subactus

456 2097 637 2133 felicitate
664 2097 800 2142 Sullae,
826 2098 966 2133 virtute
993 2097 1152 2142 Luculli,
1176 2097 1439 2145 magnitudine
1463 2097 1634 2142 Pompeii
1659 2100 1955 2133 consumeretur.

545 2144 632 2212 Ipse
657 2178 841 2201 annorum
868 2167 972 2209 ordo,
1012 2167 1149 2212 quibus
1186 2170 1264 2201 tres
1300 2168 1428 2202 hostes
1465 2166 1721 2211 potentissimi
1758 2166 1990 2211 reipublicae
2015 2166 2207 2201 Romanae
2231 2168 2475 2210 exstiterunt,
2509 2170 2665 2208 ceteros,

452 2248 614 2282 quorum
640 2237 741 2272 facta
765 2240 822 2272 est
850 2238 1002 2280 mentio,
1027 2236 1249 2272 Mithridate
1276 2236 1422 2281 priores
1448 2235 1561 2270 fuisse
1599 2236 1860 2280 unusquisque
1892 2235 2011 2280 probe
2043 2235 2132 2271 scit⁴
2174 2237 2318 2280 ltaque,
2342 2235 2374 2270 si
2399 2235 2483 2281 quis
2508 2234 2665 2270 eandem

168 2306 399 2344 sententiam
435 2306 561 2342 verbis
600 2305 747 2341 Latinis
774 2305 986 2352 exprimere
1025 2305 1205 2350 voluerit,
1242 2303 1612 2351 plusquamperfecto
1650 2303 1882 2339 coniunctivi
1907 2302 2142 2339 suffecissent
2165 2314 2235 2350 pro
2260 2302 2478 2339 suffecerint
2501 2302 2665 2338 libenter

172 2381 318 2420 utetur3
358 2377 577 2421 paucissimi
616 2375 772 2410 Florum
808 2375 1068 2409 imitabuntur.
1130 2374 1251 2418 Quem
1288 2374 1354 2418 qui
1386 2373 1456 2407 hac
1489 2374 1527 2408 in
1551 2385 1592 2408 re
1617 2373 1752 2408 ducem
1778 2378 1998 2419 sequuntur,
2024 2377 2126 2408 certe
2155 2373 2364 2417 vituperari
2388 2380 2466 2407 non
2492 2376 2663 2417 possunt.

174 2445 279 2482 Haec
305 2446 403 2481 ratio
430 2445 747 2481 exclamationem
773 2448 887 2490 atque
913 2444 1198 2480 admirationem
1224 2443 1344 2489 magis
1370 2442 1569 2488 significat.

383 2514 647 2550 Additamenti
684 2514 768 2549 loco
807 2513 931 2548 dicere
964 2513 1075 2547 liceat
1099 2512 1403 2547 coniunctionem
1429 2511 1599 2557 quamvis
1624 2523 1646 2546 a
1672 2511 1785 2546 Floro
1811 2512 1850 2546 in
1874 2511 1939 2546 lib.
1964 2513 1997 2555 3,
2023 2522 2055 2546 c.
2082 2512 2125 2545 19
2150 2514 2320 2546 extremo
2347 2510 2477 2546 eadem
2507 2510 2664 2553 ratione,

172 2595 251 2629 qua
281 2595 397 2629 quum
422 2584 633 2620 adhibitam
660 2595 741 2619 esse
764 2584 803 2618 in
829 2582 900 2617 hac
924 2582 1124 2617 sententia:

498 2654 555 2687 Ac
580 2664 628 2687 ne
653 2652 701 2687 de
725 2651 822 2686 duce
848 2651 1001 2696 quidem
1026 2650 1254 2696 supplicium
1281 2650 1386 2697 exigi
1411 2650 1545 2695 potuit,
1571 2651 1745 2696 quamvis
1771 2650 1809 2685 in
1834 2662 1967 2685 manus
1992 2650 2147 2685 venerit.

384 2721 457 2756 Pro
483 2722 598 2757 verbo
624 2721 772 2757 venerit
796 2720 999 2766 plerosque
1017 2720 1180 2755 venisset
1205 2721 1416 2765 scripturos
1441 2719 1556 2756 fuisse
1582 2731 1692 2755 nemo
1717 2720 1881 2766 ignorat.

381 2790 497 2837 Apud
522 2791 673 2826 Livium
699 2802 795 2826 unus
821 2789 1060 2835 potissimum
1085 2789 1201 2833 locus,
1225 2789 1398 2824 oratione
1422 2792 1525 2824 recta
1551 2800 1764 2835 expressus,
1790 2789 1919 2835 quales
1945 2789 2015 2824 soli
2040 2789 2104 2824 hic
2128 2788 2167 2823 in
2192 2786 2512 2833 disceptationem
2537 2785 2665 2821 vocari

171 2864 345 2905 possunt,
369 2861 409 2896 in
434 2860 500 2897 lib.
528 2862 584 2904 21,
611 2861 653 2896 13
679 2860 790 2896 nobis
816 2859 984 2896 occurrit
1007 2858 1065 2894 his
1091 2858 1219 2894 verbis
1245 2858 1549 2906 cognoscendus:

545 2930 668 2975 Quum
704 2928 770 2966 ille
805 2928 954 2976 (Alcon)
992 2931 1058 2963 aut
1081 2931 1205 2964 vestra
1241 2931 1307 2964 aut
1341 2938 1410 2963 sua
1444 2928 1556 2974 culpa
1591 2927 1775 2965 manserit
1810 2927 1911 2974 apud
1937 2926 2082 2963 hostem
2113 2926 2160 2973 (si
2185 2927 2326 2976 metum
2350 2923 2552 2969 simulavit,
2583 2935 2673 2969 sua,

451 3001 587 3043 vestra,
612 2998 644 3033 si
668 2998 883 3044 periculum
908 3000 966 3033 est
991 2997 1093 3043 apud
1117 3008 1183 3032 vos
1209 3009 1296 3033 vera
1322 2996 1586 3044 referentibus)
1611 3008 1695 3044 ego,
1720 3008 1767 3033 ne
1793 2996 2024 3044 ignoraretis
2042 3007 2122 3031 esse
2140 2995 2286 3041 aliquas
2305 2998 2343 3030 et
2359 2994 2489 3029 salutis
2507 2997 2545 3029 et
2561 2994 2666 3040 pacis

453 3068 562 3104 vobis
588 3067 846 3112 condiciones,
871 3078 943 3113 pro
969 3068 1119 3102 vetusto
1144 3066 1326 3112 hospitio,
1352 3065 1454 3112 quod
1479 3066 1575 3109 mihi
1601 3066 1800 3101 vobiscum
1825 3068 1894 3111 est,
1921 3064 1969 3100 ad
1995 3075 2062 3100 vos
2086 3064 2184 3099 veni.

384 3136 425 3173 Si
459 3137 543 3183 quis
572 3137 627 3173 ita
658 3148 705 3173 ex
737 3136 847 3172 nobis
874 3138 1049 3182 quaerat:
1091 3134 1253 3171 Ubinam
1278 3134 1343 3170 ille
1368 3138 1436 3179 est,
1462 3146 1573 3181 quem
1599 3145 1839 3182 summopere
1865 3133 2183 3178 desiderabamus,
2207 3132 2451 3179 respondeas:
2477 3130 2545 3167 Ille
2569 3129 2672 3175 apud
