2899 3532
1341 191 1612 234 -11-

442 329 485 365 In
509 327 574 364 lib.
600 328 631 371 1,
656 337 687 362 c.
714 327 759 362 33
782 330 950 363 extremo
974 326 1391 373 haecce-reperiuntur:

605 396 921 431 Stomachabatur
944 406 1069 439 senex,
1093 397 1126 431 si
1151 396 1243 441 quid
1268 396 1437 440 asperius
1463 395 1648 440 dixeram,
1686 408 1802 441 quum
1826 397 2015 441 Epicurus
2060 394 2437 431 contumeliosissime
2474 395 2717 430 Aristotelem

512 466 722 509 vexaverit,
758 464 950 500 Phaedoni
978 464 1172 502 Socratico
1209 464 1427 510 turpissime
1463 464 1715 509 maledixerit,
1752 464 1979 509 Metrodori,
2003 465 2144 501 sodalis
2169 464 2228 500 sui
2260 463 2416 499 fratrem
2452 463 2717 507 Timocratem,

513 533 603 580 quia
625 533 753 569 nescio
778 533 871 580 quid
895 534 934 570 in
957 532 1200 580 philosophia
1224 532 1451 578 dissentiret,
1474 533 1564 570 totis
1588 533 1842 570 voluminibus
1867 533 2087 578 conciderit,
2110 534 2150 569 in
2168 533 2428 568 Democritum
2444 532 2580 578 ipsum,
2605 543 2718 578 quem

510 606 661 638 secutus
687 606 754 645 est,
779 602 893 651 fuerit
916 603 1101 649 ingratus,
1124 601 1418 648 Nausiphanem,
1442 603 1664 648 magistrum
1689 615 1810 646 suum,
1835 614 1857 637 a
1883 614 1957 648 quo
1982 603 2075 637 nihil
2089 602 2285 646 didicerat,
2302 606 2380 638 tam
2397 602 2496 636 mala
2513 602 2717 646 acceperit.

441 672 560 709 Facta
597 673 816 717 narrantur,
850 684 946 719 quae
977 672 1213 719 temporibus
1244 672 1451 709 narratoris
1487 683 1640 718 prorsus
1673 675 1828 718 peracta
1859 674 1967 709 erant
1998 682 2119 719 neque
2150 671 2199 708 ad
2229 671 2269 707 id
2302 671 2427 718 ipsum
2452 674 2614 718 tempus,
2639 682 2717 718 quo

234 744 381 780 locutus
419 745 491 786 est,
528 741 781 787 pertinebant,
828 741 890 777 Ad
924 744 1074 787 tempus
1104 745 1230 777 autem
1262 741 1452 787 quoddam
1484 742 1729 787 praeteritum
1753 740 1949 776 referenda
1973 752 2072 785 esse,
2106 752 2201 786 quae
2225 741 2271 777 de
2297 741 2456 786 Epicuri
2482 741 2580 776 male
2607 741 2717 776 factis

235 812 423 854 dicuntur,
448 809 626 845 facillime
650 809 844 857 colligitur
868 821 889 845 e
912 810 1038 846 verbis
1063 809 1380 854 stomachabatur,
1405 809 1634 854 dissentiret,
1660 810 1858 845 didicerat.
1903 811 2036 856 Itaque
2060 821 2169 845 nemo
2195 811 2354 854 dubitet,
2380 811 2472 856 quin
2496 810 2715 856 plusquam-

235 880 404 927 perfecta
428 879 659 915 coniunctivi
684 883 786 915 recte
811 878 887 914 dici
910 878 1117 924 potuerint.
1167 879 1254 915 Seni
1279 879 1532 915 stomachanti
1557 881 1682 915 omnia
1695 880 1760 915 illa
1773 878 2024 926 vituperanda
2037 877 2136 913 facta
2150 878 2199 914 ob
2216 879 2345 914 oculos
2360 879 2503 914 versari
2520 882 2718 924 poterant;

235 949 364 986 Cicero
390 951 516 984 autem
540 948 632 983 haec
657 948 783 983 omnia
807 958 964 983 narrans
989 948 1132 983 animos
1158 948 1391 983 audientium
1416 959 1438 983 a
1462 949 1699 984 stomachoso
1725 960 1812 984 sene
1829 949 1911 984 vult
1923 948 2054 983 averti.
2095 947 2252 993 Singula
2269 947 2368 983 facta
2379 948 2419 982 in
2437 959 2475 983 se
2493 952 2717 993 spectantur

233 1023 271 1056 et
295 1018 402 1054 extra
426 1028 565 1052 nexum
589 1017 668 1051 eius
693 1017 758 1060 rei,
784 1028 858 1061 qua
883 1017 1011 1061 priora
1035 1021 1153 1061 erant,
1177 1020 1380 1062 ponuntur.
1429 1017 1555 1052 Veluti
1580 1017 1679 1053 facta
1703 1018 1965 1053 memorabilia
1989 1018 2028 1052 in
2053 1017 2216 1051 medium
2242 1017 2497 1062 proferuntur,
2523 1019 2631 1063 quasi
2656 1018 2711 1054 ita

232 1087 388 1123 dixerit:
414 1086 480 1121 Ille
507 1086 659 1131 quidem
684 1086 1003 1129 stomachabatur,
1028 1086 1353 1132 quotienscunque
1381 1086 1526 1132 aliquid
1556 1088 1726 1132 asperius
1764 1087 1908 1122 dictum
1946 1089 2045 1130 erat;
2082 1085 2270 1131 Epicurus
2308 1089 2432 1122 autem
2468 1086 2715 1122 Aristotelem

231 1156 503 1193 contumeliose
528 1155 691 1199 vexavit,
715 1154 968 1192 Timocratem
993 1154 1144 1200 scriptis
1170 1155 1304 1191 acerbe
1323 1154 1541 1202 exagitavit,
1565 1155 1714 1202 ingrato
1742 1156 1866 1191 animo
1885 1157 1923 1192 in
1938 1155 2196 1192 Democritum
2214 1154 2295 1200 fuit,
2321 1166 2547 1202 quamquam
2563 1155 2714 1202 saepius

233 1225 436 1273 aptiusque
460 1223 662 1260 dicendum
686 1223 837 1260 videtur
862 1228 1073 1261 vexaverat.
1098 1225 1365 1273 exagitaverat,
1389 1225 1521 1260 fuerat.

441 1294 634 1330 Secundus
659 1294 706 1329 de
731 1295 899 1340 Legibus
924 1295 990 1329 lib.
1014 1296 1054 1330 in
1079 1306 1110 1330 c.
1136 1295 1158 1329 3
1180 1295 1273 1329 haec
1296 1295 1428 1330 habet:

600 1363 679 1400 Nec
716 1364 814 1399 enim
851 1363 969 1400 ullum
1005 1363 1078 1400 hoc
1114 1364 1290 1413 frigidius
1326 1364 1466 1401 flumen
1502 1365 1628 1411 attigi,
1666 1377 1781 1411 quum
1815 1364 1863 1400 ad
1889 1363 2007 1399 multa
2031 1364 2273 1409 accesserim‘,
2297 1368 2340 1400 ut
2363 1365 2426 1400 vix
2451 1365 2545 1411 pede
2571 1368 2718 1401 tentare

508 1431 551 1468 id
577 1432 730 1479 possim.

439 1503 478 1538 Si
505 1502 695 1538 Ciceronis
721 1502 837 1536 verba
861 1505 964 1536 recte
987 1502 1170 1549 intelligo,
1195 1503 1411 1542 Fibrenum,
1426 1503 1597 1537 ultimum
1622 1503 1790 1537 omnium
1814 1502 2011 1537 fluminum
2037 1503 2260 1548 frigidorum
2287 1504 2427 1549 attigit,
2452 1508 2492 1539 at
2515 1508 2602 1539 ante
2618 1504 2712 1538 illud

229 1572 277 1608 ad
313 1572 432 1608 multa
471 1572 594 1607 minus
632 1571 772 1618 frigida
809 1574 1030 1608 accesserat.
1085 1572 1124 1608 Si
1161 1572 1383 1617 simpliciter
1415 1573 1586 1608 dixisset:
1622 1572 1704 1607 Hoc
1741 1571 1880 1607 fiumen
1905 1571 2193 1618 frigidissimum
2218 1573 2346 1619 attigi,
2381 1585 2495 1618 quum
2521 1573 2568 1607 ad
2595 1573 2714 1609 multa

229 1643 485 1686 accessissem,
522 1643 616 1677 ordo
648 1646 861 1687 temporum
895 1646 1064 1678 servatus
1096 1647 1204 1679 esset.
1252 1641 1471 1677 Ciceronem
1496 1642 1543 1676 ad
1567 1641 1597 1676 F
1600 1643 1790 1685 ibrenum,
1825 1643 1890 1687 qui
1915 1643 1953 1677 in
1979 1642 2105 1678 Lirem
2130 1642 2398 1689 frigidissimus
2424 1642 2550 1679 influit
2575 1646 2612 1679 et
2637 1643 2711 1678 alia

228 1711 383 1746 flumina
407 1713 621 1757 promiscue
645 1712 846 1747 accessisse
869 1717 1145 1757 expertumque
1169 1711 1280 1756 plura
1305 1710 1468 1756 denique
1488 1710 1686 1755 judicasse,
1714 1715 1754 1747 ut
1778 1710 1954 1754 vidimus,
1979 1712 2089 1747 nullis
2109 1712 2232 1748 verbis
2258 1712 2456 1757 indicatur,
2482 1723 2712 1758 quamquam

228 1780 309 1817 fieri
345 1784 481 1827 potest,
518 1784 560 1818 ut
596 1781 733 1827 aliquis
769 1781 823 1817 ita
847 1780 938 1817 haec
970 1781 1085 1816 verba
1108 1780 1392 1826 interpretetur.
1440 1779 1569 1815 Altera
1595 1780 1723 1826 opinio
1749 1779 1843 1815 mihi
1868 1780 2063 1826 probatur,
2089 1784 2131 1816 ut
2156 1780 2315 1816 duorum
2341 1780 2524 1816 factorum
2550 1781 2711 1816 alterum

230 1849 337 1895 quasi
362 1850 470 1885 iuxta
494 1850 653 1885 alterum
679 1850 906 1885 collocatum
931 1860 1012 1885 esse
1036 1849 1220 1885 videatur.

437 1918 659 1954 Oratoribus
684 1919 844 1964 saepius,
870 1930 979 1964 quam
1007 1920 1089 1953 aliis
1115 1920 1375 1964 scriptoribus,
1402 1920 1590 1954 historicis
1615 1920 1674 1955 vel
1698 1920 1952 1965 philosophis,
1988 1921 2135 1954 occasio
2167 1920 2342 1965 perfectis
2377 1921 2608 1955 coniunctivi
2634 1932 2707 1965 pro

226 1987 607 2033 plusquamperfectis
633 1988 765 2024 utendi
790 1987 962 2032 offertum
988 2000 1057 2024 nec
1082 2001 1184 2033 vero,
1209 1990 1383 2034 quotiens
1408 1994 1573 2034 possunt,
1599 1990 1739 2025 totiens
1766 1993 1934 2025 utuntur.

436 2057 625 2093 Orationis
649 2069 719 2102 pro
745 2058 788 2093 L.
813 2058 951 2095 Flacco
977 2059 1130 2095 habitae
1155 2071 1186 2094 c.
1212 2061 1257 2094 12
1282 2060 1412 2095 utilem
1437 2060 1560 2095 locum
1585 2060 1744 2105 praebet
1767 2060 1824 2095 his
1851 2060 1976 2095 verbis
2002 2058 2330 2105 comprehensum:

595 2127 765 2164 Licuisse
790 2131 833 2164 ut
857 2128 1056 2175 intelligas,
1082 2139 1279 2175 cognosce,
1305 2128 1397 2174 quid
1422 2140 1481 2164 me
1505 2129 1656 2164 consule
1674 2134 1824 2164 senatus
1844 2129 2064 2172 decreverit,
2090 2140 2204 2173 quum
2219 2127 2369 2173 quidem
2389 2126 2482 2162 nihil
2500 2138 2521 2162 a
2539 2128 2709 2172 superio·

504 2198 610 2234 ribus
637 2199 902 2234 continuorum
928 2210 1111 2234 annorum
1137 2198 1297 2235 decretis
1323 2199 1535 2235 decesserit.

433 2265 564 2303 Cicero
601 2267 832 2313 respondens
870 2267 1021 2303 Graecis
1059 2269 1322 2314 querentibus,
1359 2269 1486 2303 classis
1511 2269 1662 2304 nomine
1692 2270 1910 2305 civitatibus
1948 2269 2147 2315 pecuniam
2172 2269 2393 2313 imperatam
2417 2276 2517 2310 esse,
2550 2267 2643 2312 quid
2668 2278 2709 2301 se

226 2335 378 2370 consule
415 2335 497 2371 fieri
534 2337 720 2381 potuerit,
759 2336 1002 2373 demonstrat.
1053 2337 1151 2372 Satis
1188 2338 1267 2371 scio
1292 2341 1462 2372 senatum
1487 2338 1697 2372 Romanum
1722 2339 1805 2383 ipso
1832 2340 1985 2374 decreto
2011 2338 2186 2381 effecisse,
2211 2341 2253 2372 ut
2276 2337 2314 2370 in
2340 2336 2598 2380 superioribus
2624 2336 2706 2380 qui-

225 2404 382 2440 busdam
410 2405 571 2441 decretis
595 2406 806 2450 perstitisse
829 2406 1033 2442 videretur.
1082 2407 1209 2451 Ipsum
1235 2407 1429 2442 decretum
1453 2408 1698 2443 mutationem
1724 2409 1936 2443 animorum
1962 2411 1999 2443 et
2012 2408 2279 2443 sententiarum
2303 2404 2519 2451 significare
2536 2406 2708 2450 poterat3

225 2483 293 2508 nec
329 2484 418 2509 vero
451 2474 574 2509 minus
606 2485 737 2510 verum
768 2477 825 2510 est
853 2474 986 2509 iisdem
1011 2475 1136 2511 verbis
1162 2474 1254 2510 duas
1279 2486 1355 2519 res,
1380 2474 1455 2510 duo
1481 2475 1578 2511 facta
1603 2475 1753 2511 diversa
1779 2477 1962 2512 constitui
1986 2487 2107 2522 posse,
2133 2475 2295 2520 primum
2320 2477 2490 2509 senatum
2515 2485 2537 2509 a
2562 2474 2707 2519 superi-

224 2541 354 2576 oribus
380 2543 646 2578 continuorum
670 2554 853 2578 annorum
878 2543 1040 2579 decretis
1065 2543 1159 2578 nihil
1185 2543 1400 2589 decessisse,
1427 2544 1561 2579 deinde
1586 2547 1963 2589 senatusconsultum,
1989 2545 2090 2590 quod
2115 2548 2241 2579 orator
2259 2544 2333 2588 legi
2351 2544 2471 2587 iussit,
2495 2545 2534 2577 in
2549 2544 2708 2579 eandem

226 2612 451 2647 sententiam
488 2613 630 2648 factum
666 2625 757 2648 esse.
807 2613 915 2658 Quod
952 2614 983 2648 si
1019 2613 1129 2648 nobis
1163 2617 1299 2658 putare
1323 2614 1429 2658 licet,
1460 2618 1501 2650 ut
1524 2614 1691 2658 videtur,
1716 2615 2085 2660 plusquamperfecto
2111 2612 2341 2648 coniunctivi
2366 2616 2497 2648 orator
2521 2617 2625 2649 recte
2650 2613 2705 2649 uti

225 2684 387 2725 poterat,
410 2694 497 2718 nam
522 2683 686 2728 primum
715 2687 865 2719 senatus
889 2684 929 2719 in
954 2684 1100 2719 ratione
1124 2684 1362 2729 superiorum
1387 2684 1623 2720 decretorum
1649 2697 1888 2730 perseverare
1913 2684 2125 2727 constituit,
2156 2682 2292 2718 deinde
2316 2682 2497 2728 decrevit,
2522 2686 2565 2719 ut
2589 2695 2702 2720 naves

224 2749 441 2787 civitatibus
489 2752 716 2798 quibusdam
763 2753 1050 2798 imperarentur.
1123 2747 1336 2789 Perfectum
1372 2754 1603 2789 coniunctivi
1635 2765 1654 2789 e
1685 2754 1950 2790 coniunctione
1983 2765 2098 2799 quum
2124 2763 2345 2798 suspensum
2370 2763 2453 2788 eam
2477 2751 2594 2788 habet
2618 2753 2711 2797 vim,

224 2824 267 2854 ut
291 2819 507 2856 auditorum
531 2822 676 2857 animos
702 2822 750 2857 ad
774 2822 872 2857 hanc
897 2834 1010 2858 unam
1033 2833 1114 2857 rem
1137 2822 1274 2867 trahat,
1299 2824 1408 2868 quasi
1432 2825 1482 2859 sit
1506 2824 1667 2859 maxime
1691 2825 1896 2870 praecipua
1920 2823 2130 2868 summique
2154 2822 2345 2868 ponderis.

431 2891 660 2928 Admirabili
685 2892 836 2928 dicendi
861 2893 1007 2928 ratione
1034 2892 1176 2928 Tullius
1201 2892 1240 2928 in
1265 2892 1330 2928 illa
1355 2894 1543 2938 oratione,
1574 2894 1613 2929 in
1645 2906 1719 2940 qua
1751 2895 1917 2930 omnium
1943 2892 2213 2929 vocabulorum
2239 2892 2705 2928 contumeliosissimorum

226 2958 375 3003 copiam
398 2959 563 3006 collegit,
587 2960 645 2996 his
671 2961 796 2997 verbis
821 2961 860 2996 in
884 2961 1057 2996 Pisonem
1083 2973 1114 2996 c.
1139 2964 1184 2997 24
1208 2973 1297 2996 usus
1323 2965 1400 2996 est:

596 3031 719 3074 Quum
742 3043 832 3066 vero
857 3043 933 3065 non
957 3031 1070 3066 modo
1095 3043 1172 3066 non
1195 3031 1411 3075 postulante
1434 3035 1549 3077 atque
1573 3035 1742 3078 cogente,
1766 3032 1831 3068 sed
1856 3032 1974 3067 invito
2000 3035 2113 3076 atque
2137 3041 2318 3075 oppresso
2334 3034 2477 3074 senam,
2501 3042 2578 3065 non
2590 3031 2706 3066 modo

505 3099 609 3135 nullo
634 3100 767 3146 populi
791 3100 952 3138 Romani
977 3099 1115 3146 studio,
1140 3099 1206 3137 sed
1230 3100 1334 3138 nullo
1359 3100 1501 3139 ferente
1518 3100 1737 3149 suffragium
1758 3101 1888 3147 libero,
1912 3100 2109 3148 provincia
2128 3099 2199 3137 tibi
2213 3099 2286 3137 ista
2301 3099 2581 3146 manupretium
2594 3098 2709 3136 fuerit

498 3178 574 3204 non
599 3180 750 3207 eversae
774 3181 842 3217 per
866 3173 914 3217 te,
940 3169 1006 3207 sed
1029 3169 1201 3217 perditae
1226 3170 1411 3216 civitatis,
1447 3182 1636 3219 quumque
1661 3172 1827 3207 omnium
1851 3174 2002 3207 tuorum
2027 3170 2210 3205 scelerum
2234 3169 2326 3204 haec
2350 3170 2477 3214 pactio
2504 3170 2709 3213 exstiterit,

2385 3241 2428 3275 2*
