2899 3532
1290 201 1565 245 ..14-

170 338 335 383 diflerre,
361 339 550 385 siquidem
576 339 638 374 hic
664 319 817 385 quoque
842 338 1256 385 plusquamperfectum
1282 339 1429 385 scripta
1452 342 1550 374 esset
1574 338 1767 386 plerisque
1790 338 1911 385 magis
1936 337 2092 383 probari
2116 337 2242 374 credo.
2291 336 2422 373 Cicero
2448 336 2496 373 ab
2522 348 2566 373 eo
2580 340 2672 374 tem·

171 420 276 454 pore,
303 420 378 455 quo
405 408 501 444 haec
526 409 643 444 verba
667 408 941 453 pronuntiavit,
966 409 1246 454 contemplatus
1264 408 1303 443 id
1319 411 1480 454 tempus,
1507 420 1582 454 quo
1601 408 1701 443 bona
1718 407 1853 452 optimi
1872 406 1964 442 civis
1982 406 2137 452 eiusque
2149 417 2226 442 non
2244 405 2450 452 proscripti
2467 405 2676 451 venierant,

173 477 265 514 satis
291 477 408 514 habet
432 477 559 513 dicere
584 477 727 524 legem,
765 489 879 523 quam
910 478 1097 513 bonorum
1124 478 1343 514 venditores
1369 478 1591 514 servandam
1617 477 1806 524 putarint,
1831 475 2012 522 scriptam
2037 475 2169 521 tuisse;
2192 487 2268 511 non
2293 475 2423 512 studet
2446 474 2606 521 efficere,
2631 479 2677 512 ut

168 545 363 581 auditores
399 545 498 581 hanc
536 545 659 592 legem
691 549 779 580 ante
803 544 1062 581 venditionem
1087 546 1275 581 bonorum
1301 546 1490 581 exstitisse
1514 545 1588 581 sibi
1612 544 1883 591 persuadeant;
1908 547 2057 580 constat
2080 547 2207 580 autem
2230 544 2352 592 legem
2377 555 2458 580 esse
2481 544 2675 590 sqiptam,

171 626 290 659 quum
328 614 429 649 bona
467 614 636 649 nondum
673 614 876 650 venissent.
925 614 1083 668 Licebat
1121 615 1238 661 igitur
1275 615 1418 650 oratori
1443 615 1588 650 dicere:
1627 627 1743 660 quum
1768 614 1860 650 haec
1885 615 1945 650 lex
1971 613 2009 649 in
2035 625 2099 649 eos
2125 613 2234 657 solos,
2259 613 2282 648 i.
2308 624 2338 649 e.
2363 613 2403 649 in
2426 606 2677 659 proscriptos,

170 684 314 729 scripta
354 686 462 719 esset.
511 683 608 719 Eam
646 684 695 718 ob
722 695 892 727 causam,
932 685 1034 730 quod
1060 684 1120 719 lex
1146 685 1198 720 ita
1223 684 1365 729 scripta
1391 688 1482 728 erat,
1507 684 1714 720 adversarii
1739 683 1900 720 hominis
1926 694 2048 728 neque
2072 682 2278 728 proscripti
2310 693 2433 729 neque
2457 682 2573 718 occisi
2596 693 2674 719 non

167 751 371 796 habebant,
397 752 500 798 quod
525 752 627 788 bona
651 752 731 787 eius
760 752 977 788 venderent.

380 820 467 856 Non
492 821 667 855 existimo
700 821 956 857 abiiciendum
995 832 1074 857 esse
1111 821 1253 864 locum,
1292 832 1403 866 quem
1434 821 1471 856 in
1498 821 1668 857 oratione
1701 833 1771 867 pro
1797 820 1968 857 Cluentio
1994 819 2124 855 habita
2148 819 2282 865 reperi,
2307 818 2432 856 medio
2458 819 2535 856 sere
2560 830 2591 855 c.
2616 821 2674 856 60.

168 889 296 925 Verba
320 893 408 925 sunt
432 889 541 924 haec:

544 960 645 1004 Quid
671 972 839 1005 unquam
864 960 1000 995 Avitus
1027 960 1065 995 in
1091 971 1129 995 se
1155 959 1319 1005 admisit,
1346 965 1388 996 ut
1411 961 1484 996 hoc
1510 963 1657 996 tantum
1682 960 1729 995 ab
1757 972 1800 996 eo
1826 959 1971 995 facinus
1997 970 2072 994 non
2097 958 2301 995 abhorrere
2325 958 2524 994 videatur?
2573 957 2674 1003 Quid

449 1031 576 1064 autem
602 1040 833 1075 magnopere
859 1027 1109 1074 Oppianicum
1134 1029 1339 1074 metuebat,
1366 1041 1480 1075 quum
1506 1029 1568 1065 ille
1593 1029 1751 1065 verbum
1776 1027 1928 1064 omnino
1954 1028 1992 1064 in
2023 1027 2094 1063 hac
2130 1026 2213 1073 ipsa
2242 1037 2354 1063 causa
2377 1026 2522 1063 nullum
2547 1026 2674 1064 facere

450 1098 633 1142 potuerit,
658 1097 747 1132 huic
773 1100 899 1132 autem
925 1101 1161 1133 accusatores
1186 1102 1307 1133 matre
1333 1099 1417 1133 viva
1443 1099 1572 1133 deesse
1597 1109 1671 1132 non
1699 1096 1879 1143 possent?

379 1167 465 1201 Non
493 1171 550 1201 est
575 1167 746 1210 dubium,
773 1168 863 1212 quin
890 1167 981 1201 haec
1006 1167 1121 1201 verba
1146 1166 1193 1200 ad
1219 1171 1369 1211 tempus
1396 1179 1548 1211 prorsus
1574 1166 1821 1210 praeteritum
1846 1165 2044 1201 referenda
2069 1165 2162 1208 sint,
2201 1165 2302 1210 quod
2335 1165 2452 1200 verba
2475 1165 2675 1201 metuebat

172 1237 211 1269 et
234 1238 391 1279 possent
415 1234 508 1269 satis
535 1234 808 1270 demonstrant.
857 1234 1109 1270 Nihilominus
1136 1245 1286 1268 causam
1312 1238 1446 1278 metus,
1473 1246 1583 1279 quem
1610 1233 1840 1279 Oppianicus
1865 1234 1980 1269 Avito
2006 1234 2231 1277 incusserat,
2267 1244 2401 1279 parum
2426 1233 2564 1269 iustam
2589 1245 2670 1270 esse

165 1307 295 1349 putat;
319 1315 484 1349 namque
509 1304 540 1338 is
566 1304 660 1339 nihil
686 1304 850 1347 dixerat,
874 1303 972 1338 unde
997 1306 1118 1337 metus
1146 1302 1321 1337 oriretur.
1371 1303 1427 1337 Eo
1454 1303 1535 1347 ipso
1561 1307 1743 1347 tempore,
1768 1313 1843 1347 quo
1868 1303 1965 1338 hanc
1989 1304 2198 1338 orationem
2225 1302 2391 1338 omnium
2409 1302 2669 1349 longissimam

166 1372 324 1416 habuit,
361 1373 434 1407 sibi
472 1373 728 1418 persuadebat
766 1373 910 1407 nullum
936 1372 1089 1407 omnino
1115 1372 1272 1406 verbum
1298 1372 1370 1407 hac
1396 1373 1434 1406 in
1460 1384 1572 1407 causa
1597 1373 1645 1408 ab
1671 1372 1883 1417 Oppianico
1909 1373 1985 1407 dici
2011 1373 2190 1418 potuisse.
2238 1372 2381 1417 Quodsi
2405 1372 2551 1407 nullum
2576 1372 2670 1409 fecit

166 1441 326 1476 verbum
352 1441 430 1475 ullo
455 1444 646 1486 tempore,
683 1453 730 1476 ne
754 1446 834 1476 tum
862 1441 1012 1486 quidem
1039 1440 1194 1483 fecerat,
1230 1453 1346 1486 quum
1379 1445 1544 1476 metuere
1570 1442 1706 1486 coepit.
1755 1441 1860 1476 Nihil
1885 1442 2003 1487 igitur
2027 1442 2164 1485 obstat,
2189 1442 2280 1486 quin
2305 1441 2368 1476 hic
2392 1444 2496 1477 recte
2520 1440 2672 1476 dicatur

165 1511 359 1557 potuisset
383 1522 453 1556 pro
479 1511 659 1555 potuerit.

379 1579 482 1614 Haec
509 1579 638 1621 habui,
664 1590 761 1623 quae
787 1579 835 1613 ad
860 1579 985 1613 locum
1012 1579 1277 1624 grammatices
1304 1579 1403 1613 haud
1429 1580 1600 1614 inutilem
1626 1580 1888 1614 illustrandam
1915 1579 2135 1614 conferrem.
2186 1579 2327 1622 Restat,
2352 1582 2404 1622 ut,
2431 1590 2499 1613 cur
2516 1590 2671 1614 carmen

163 1648 342 1684 Latinum
368 1648 456 1683 huic
494 1648 747 1693 disputationi
773 1648 991 1683 addendum
1018 1648 1242 1692 putaverim,
1268 1648 1399 1692 paucis
1426 1648 1549 1683 verbis
1574 1649 1773 1693 explicem.
1822 1648 1989 1683 Primum
2015 1649 2114 1683 onim
2141 1648 2346 1683 videndum
2371 1652 2462 1692 erat,
2486 1659 2533 1683 ne
2559 1649 2667 1695 pagi-

165 1730 300 1753 narum
326 1729 504 1753 numerus
531 1718 630 1753 iusto
658 1718 782 1753 minor
808 1729 888 1753 esse
914 1718 1118 1761 videretur,
1143 1716 1281 1752 deinde
1307 1717 1546 1752 commodum
1572 1717 1765 1763 putabam,
1793 1718 1831 1753 in
1856 1722 1961 1753 tanta
1979 1718 2261 1765 philologorum
2286 1716 2530 1753 multitudine
2554 1730 2668 1754 suum

166 1798 318 1832 quoque
360 1798 536 1832 campum
586 1787 750 1830 colente,
795 1787 940 1832 aliquid
988 1786 1197 1831 conficere,
1232 1798 1308 1832 quo
1346 1791 1509 1823 veterem
1542 1791 1661 1822 artem
1695 1788 1863 1823 nondum
1889 1799 2045 1833 prorsus
2082 1788 2295 1834 neglectam
2320 1787 2444 1823 iacere
2468 1799 2539 1833 pro
2565 1788 2667 1823 virili

163 1856 415 1892 ostenderem.
464 1857 598 1901 Itaque
623 1857 845 1899 orationem,
872 1869 984 1902 quam
1009 1867 1040 1890 a.
1067 1856 1102 1891 d.
1128 1856 1191 1892 IV.
1219 1856 1347 1891 Nonas
1375 1856 1613 1902 Septembres
1646 1869 1677 1893 a.
1708 1858 1796 1893 1873
1829 1856 1877 1892 ad
1902 1856 2166 1891 celebrandam
2191 1856 2390 1891 victoriam
2415 1856 2669 1891 Sedanensem

164 1925 203 1959 in
235 1925 426 1959 auditorio
458 1925 625 1960 maximo
658 1926 847 1971 gymnasii
882 1927 1002 1961 nostri
1030 1937 1146 1970 quum
1173 1925 1326 1959 cholera
1352 1926 1505 1960 morbus
1530 1927 1764 1970 perniciosus
1789 1926 2080 1969 existimaretur,
2105 1926 2153 1960 ad
2178 1925 2386 1970 discipulos
2411 1925 2512 1960 solos
2539 1925 2670 1969 habui,

163 1995 237 2030 hoc
261 1995 375 2030 modo
401 1995 546 2040 publici
572 1996 664 2030 iuris
690 1996 813 2031 facere
838 1996 947 2041 potui
971 2006 1093 2040 neque
1118 1995 1319 2039 parvulum
1345 1995 1512 2031 laborem
1538 1996 1797 2032 oratiunculae
1814 1996 1854 2031 in
1871 2007 2082 2031 sermonem
2100 1995 2277 2031 Latinum
2295 1994 2571 2030 convertendae
2591 2006 2672 2030 non.

162 2064 328 2100 libenter
355 2064 515 2109 suscepi.

723 2454 764 2550 Ιη
814 2459 1037 2582 imperium
1085 2454 1386 2552 Germanicum
1435 2456 1673 2553 resiitulum
1722 2457 1766 2551 εἴ
1812 2453 2109 2552 emendatum.

880 2635 1065 2700 Aetatem
1092 2669 1259 2700 nostram
1284 2664 1378 2699 nulli
1405 2664 1612 2700 concedere
1637 2663 1749 2699 laude

1022 2721 1115 2757 Cum
1141 2722 1267 2768 pueris
1292 2726 1431 2757 matres
1457 2722 1538 2757 iure
1564 2721 1711 2767 virique
1737 2724 1883 2766 putant.

881 2780 1013 2816 Invida
1038 2781 1250 2824 posteritas,
1274 2792 1403 2815 coram
1429 2792 1524 2825 quae
1551 2780 1713 2816 vidimus
1739 2781 1822 2826 ipsi,

1021 2837 1164 2873 Cuncta
1189 2838 1265 2873 cito
1292 2837 1374 2873 fieri
1398 2848 1472 2872 non
1497 2841 1668 2883 potuisse
1693 2838 1806 2873 volet.

798 2899 830 2932 5.
883 2895 1050 2931 Grandia
1074 2899 1162 2930 sunt
1186 2907 1283 2939 vere,
1308 2898 1398 2930 sunt
1422 2895 1643 2931 admiranda
1667 2895 1851 2941 profecto,

1020 2953 1156 2987 Mentis
1183 2957 1220 2988 et
1245 2953 1430 2988 humanae
1454 2953 1680 2988 transiluere
1703 2952 1869 2987 modum.

881 3010 995 3045 Nulla
1020 3010 1100 3045 dies
1127 3012 1214 3045 anni
1241 3010 1389 3053 transit,
1415 3011 1507 3056 quin
1531 3010 1631 3046 facta
1655 3010 1835 3054 virorum,

1019 3068 1132 3115 Regis
1158 3072 1195 3104 et
1220 3068 1371 3115 augusti
1397 3079 1690 3104 commemorare
1717 3073 1839 3114 queat.

880 3127 1073 3164 Praenitet
1098 3139 1171 3161 una
1195 3131 1321 3162 tamen
1347 3127 1502 3173 reliquis
1527 3127 1742 3173 mensisque
1767 3126 1933 3163 secunda

1020 3186 1253 3230 Septembris
1280 3185 1389 3221 factis
1414 3186 1543 3221 lumen
1568 3185 1705 3230 adepta
1731 3196 1870 3220 novum
1895 3188 1962 3220 est.
