2899 3532
1271 174 1546 214 ..12-

434 314 489 352 ut,
515 310 546 344 si
573 314 613 345 tu
640 313 758 345 totam
785 308 1062 354 rempublicam
1087 308 1240 344 nefariis
1265 309 1476 345 latronibus
1503 310 1734 354 tradidisses,
1758 310 1985 347 Macedonia
2009 310 2082 347 tibi
2112 310 2162 346 ob
2195 321 2276 346 eam
2308 321 2405 355 rem,
2442 310 2580 357 quibus
2612 314 2656 347 tu

433 378 575 414 finibus
601 378 726 421 velles,
751 377 987 420 redderetur,
1012 390 1130 423 quum
1156 378 1404 415 exhauriebas
1429 380 1627 422 aerarium,
1655 392 1771 425 quum
1797 380 1959 415 orbabas
1984 380 2132 415 Italiam
2164 380 2379 423 iuventute,
2412 392 2528 426 quum
2551 391 2655 416 mare

434 447 689 484 vastissimum
714 446 837 483 hieme
861 447 1069 492 transibas,
1103 447 1134 483 si
1166 448 1403 495 triumphum
1428 450 1711 495 contemnebas,
1744 462 1841 496 quae
1865 453 1913 495 te,
1938 449 2079 496 praedo
2104 450 2369 494 amentissime,
2395 450 2468 486 nisi
2492 450 2656 496 praedae

433 528 477 552 ac
503 518 721 563 rapinarum
746 516 935 562 cupiditas
960 520 1038 552 tam
1064 527 1176 552 caeca
1200 518 1403 563 rapiebat?

365 598 452 634 Non
478 599 605 644 agitur
630 598 692 633 hic
717 598 764 633 de
790 598 905 633 rebus
931 599 1044 633 modo
1068 599 1246 643 peractis,
1270 599 1336 634 sed
1362 599 1409 634 de
1434 599 1547 642 vitiis,
1574 600 1710 644 quibus
1737 599 1822 635 Piso
1837 600 1876 635 in
1894 599 2192 636 administrando
2214 600 2412 635 consulatu
2431 600 2547 636 suerit
2566 610 2654 636 con-

150 669 378 711 taminatus3
404 667 548 703 nullum
573 666 804 702 nefariorum
829 667 1024 711 scelerum,
1063 678 1223 712 quorum
1262 679 1348 703 eum
1380 668 1532 713 plenum
1558 667 1673 703 fuisse
1698 667 1831 704 Cicero
1857 669 2108 713 demonstrat,
2141 669 2189 704 ad
2221 670 2345 714 ipsum
2379 673 2545 715 tempus,
2579 681 2654 715 quo

151 737 368 774 orationem
393 736 432 771 in
458 747 543 771 eum
570 736 715 779 habuit,
740 736 968 781 pertinebat.
1016 735 1074 771 Ea
1099 736 1225 780 verba,
1252 747 1349 782 quae
1373 748 1395 772 a
1420 736 1686 773 coniunctione
1712 748 1827 783 quum
1846 737 2044 784 incipiunt,
2073 738 2235 774 maxime
2249 737 2297 774 ad
2311 738 2468 775 verbum
2483 738 2656 785 rapiebat

154 807 354 843 referenda
378 810 483 849 sunt3
511 805 613 850 quod
640 817 758 850 quum
783 806 965 850 temporis
991 806 1186 850 praeteriti
1211 806 1273 848 sit,
1297 806 1561 850 imperfectum
1575 806 1634 841 vel
1649 805 2064 852 plusquamperfectum
2082 806 2316 843 coniunctivi
2333 807 2478 852 requiri
2494 807 2654 842 videtur.

153 875 288 922 Neque
313 876 413 912 enim
440 875 597 911 dubium
623 886 707 910 esse
731 879 869 920 potest,
896 876 987 920 quin
1012 876 1099 911 Piso
1124 875 1288 921 praedae
1313 887 1358 910 ac
1383 877 1601 920 rapinarum
1626 877 1835 922 cupiditate
1860 881 1991 922 raptus
2017 879 2077 921 sit,
2104 890 2220 923 quum
2244 877 2441 923 provincia
2467 877 2501 912 ei
2525 888 2656 912 manu·

154 946 321 994 pretium
346 944 518 992 perditae
544 944 710 981 civitatis
735 944 868 981 fuisset
894 957 1085 992 quumque
1110 944 1278 981 omnium
1307 945 1490 982 scelerum
1515 945 1608 983 haec
1632 947 1759 993 pactio
1785 946 2002 991 exstitisset,
2028 949 2071 982 ut
2094 946 2329 991 Macedonia,
2355 947 2492 993 quibus
2517 945 2655 982 finibus

154 1016 286 1060 vellet,
328 1015 403 1052 sibi
435 1015 670 1051 redderetur.
720 1014 851 1050 Cicero
882 1015 947 1050 dat
972 1026 1145 1060 operam,
1177 1018 1220 1050 ut
1243 1014 1371 1050 Pisoni
1405 1015 1546 1050 scelera
1571 1016 1618 1051 ab
1645 1016 1775 1051 oculos
1801 1019 1934 1062 ponat,
1965 1016 2094 1063 itaque
2119 1014 2195 1051 duo
2220 1015 2339 1059 facta,
2373 1027 2394 1051 a
2420 1005 2557 1062 quibus
2583 1015 2657 1051 alia

153 1085 341 1121 maleficia
372 1086 458 1119 orta
489 1088 594 1126 sunt,
626 1083 708 1118 sola
733 1084 1011 1128 quodammodo
1049 1087 1088 1119 et
1118 1095 1140 1118 a
1165 1085 1300 1119 ceteris
1331 1085 1499 1119 seiuncta
1531 1089 1716 1119 monstrat
1748 1096 1870 1130 neque
1895 1084 2074 1130 perfectis
2101 1085 2333 1119 coniunctivi
2359 1084 2407 1118 ad
2434 1096 2493 1120 res
2516 1095 2656 1131 magno

153 1154 297 1190 lumine
321 1152 566 1188 illustrandas
591 1152 690 1187 male
715 1164 803 1187 usus
828 1158 894 1187 est.

364 1233 491 1269 Prima
516 1232 708 1268 Ciceronis
735 1233 773 1267 in
800 1232 954 1268 Verrem
979 1232 1090 1267 Actio
1116 1243 1235 1277 paene
1260 1232 1401 1268 ultimis
1426 1233 1551 1268 verbis
1578 1233 1792 1278 exemplum
1817 1233 1985 1269 eiusdem
2009 1234 2157 1281 generis
2183 1232 2311 1268 habet:

530 1302 699 1337 Dicimus
725 1301 763 1337 C.
793 1301 957 1345 Verrem,
984 1313 1099 1346 quum
1124 1301 1244 1336 multa
1267 1301 1480 1344 libidinose,
1505 1302 1623 1336 multa
1648 1302 1853 1338 crudeliter
1877 1303 1915 1337 in
1941 1303 2040 1338 cives
2054 1302 2243 1338 Romanos
2261 1306 2376 1347 atque
2390 1302 2523 1345 socios,
2540 1302 2659 1337 multa

436 1370 475 1405 in
513 1370 602 1405 deos
639 1369 887 1416 hominesque
923 1369 1063 1405 nefarie
1088 1369 1237 1414 fecerit,
1262 1373 1344 1405 tum
1376 1374 1573 1417 praeterea
1598 1371 1907 1418 quadringenties
1934 1371 2148 1407 sestertium
2174 1382 2220 1407 ex
2246 1371 2374 1407 Sicilia
2400 1375 2532 1407 contra
2557 1371 2659 1418 leges

438 1439 649 1474 abstulisse.

368 1520 441 1556 Hic
467 1520 753 1556 coniunctiones
780 1525 997 1566 quum-tum
1022 1520 1075 1555 ita
1099 1520 1246 1565 positae
1259 1522 1359 1563 sunt,
1384 1524 1426 1554 ut
1438 1520 1557 1555 altera
1581 1521 1863 1556 coniunctivum
1889 1534 1998 1556 suum
2016 1522 2164 1565 habeat,
2183 1523 2302 1557 altera
2318 1522 2357 1556 in
2375 1522 2658 1556 constructione

151 1591 364 1628 accusativi
401 1601 488 1626 cum
526 1589 715 1625 infinitivo
754 1590 980 1635 reperiatur.
1039 1589 1259 1634 Quaeritur,
1298 1593 1424 1625 utrum
1460 1589 1581 1625 scelus
1614 1592 1718 1636 prius
1752 1591 1994 1626 commissum
2020 1603 2100 1627 esse
2125 1592 2292 1635 dicatur,
2326 1591 2469 1626 furtum
2494 1591 2658 1637 ingentis

157 1661 355 1708 pecuniae,
383 1672 432 1695 an
457 1660 562 1694 varia
587 1660 625 1694 in
652 1659 742 1695 deos
768 1659 1016 1705 hominesque
1041 1659 1235 1695 maleficia.
1285 1660 1455 1697 Oratoris
1481 1659 1640 1697 consilio
1674 1671 1716 1695 ea
1748 1662 1845 1696 ratio
1872 1660 2023 1696 videtur
2047 1661 2190 1707 optime
2216 1661 2427 1704 convenire,
2453 1663 2494 1696 ut
2520 1659 2658 1696 Verres

154 1732 323 1776 primum
348 1730 469 1763 multa
493 1715 636 1763 nefarie
664 1729 813 1772 fecisse,
846 1729 982 1762 deinde
1016 1733 1209 1774 tamquam
1235 1730 1386 1766 cumulo
1413 1730 1577 1776 quodam
1601 1729 1765 1764 maximo
1793 1729 1839 1764 ad
1866 1732 1991 1765 cetera
2015 1728 2210 1772 maleficia,
2238 1740 2398 1775 quorum
2424 1728 2659 1763 atrocissima

155 1799 217 1834 hic
254 1810 330 1834 non
355 1802 716 1840 commemorantur,
754 1797 974 1839 accedente,
1011 1810 1257 1843 permagnam
1282 1800 1480 1844 pecuniam
1519 1799 1718 1833 abstulisse
1751 1798 1911 1832 dicatur.
1963 1799 2049 1833 Sive
2079 1810 2210 1833 revera
2234 1799 2287 1832 ita
2311 1797 2453 1832 facturn
2478 1801 2545 1841 est,
2580 1797 2658 1832 sive

152 1868 297 1902 factum
334 1878 416 1901 esse
452 1866 620 1911 fingitur,
657 1866 779 1899 oratio
813 1878 834 1899 a
859 1866 1067 1901 minoribus
1093 1868 1141 1901 ad
1167 1868 1310 1902 maiora
1335 1868 1540 1912 procedere
1566 1867 1725 1902 videtur.
1775 1867 2191 1913 Plusqnamperfectum
2217 1866 2366 1902 fecisset
2391 1877 2460 1911 pro
2486 1865 2656 1911 perfecto

153 1937 293 1972 fecerit
317 1936 390 1971 hoc
415 1936 499 1970 loco
527 1936 601 1970 dici
626 1947 738 1980 posse
763 1934 855 1969 mihi
881 1946 1101 1979 pei-suasum
1126 1939 1194 1973 est.

368 2005 411 2041 In
436 2005 499 2039 lib.
527 2007 558 2047 2,
584 2016 613 2039 c.
641 2007 661 2040 5
688 2004 779 2039 haec
806 2005 923 2039 verba
949 2005 1057 2040 nobis
1083 2009 1308 2040 occurrunt:

530 2073 632 2118 Quae
658 2085 775 2119 quum
801 2074 928 2108 omnia
953 2074 1053 2108 facta
1077 2074 1164 2118 sint,
1189 2078 1315 2110 tamen
1342 2085 1454 2109 unam
1480 2074 1598 2109 solam
1624 2075 1758 2110 scitote
1783 2086 1863 2111 esse
1889 2074 2082 2110 civitatem
2094 2074 2369 2120 Mamertinam,
2397 2086 2492 2122 quae
2506 2074 2658 2122 publice

436 2145 593 2189 legatos,
620 2145 684 2188 qui
709 2145 823 2178 istum
851 2145 1059 2186 laudarent,
1085 2145 1244 2182 miserit.

364 2225 468 2260 Haec
493 2226 681 2260 sententia
706 2226 744 2260 in
769 2225 929 2260 formam
955 2226 1074 2260 multo
1100 2227 1372 2270 simpliciorem
1390 2226 1559 2260 converti
1577 2230 1714 2270 potest,
1733 2230 1774 2260 ut
1791 2226 1881 2260 haec
1897 2226 2011 2259 verba
2029 2225 2247 2260 habeamus:
2275 2226 2377 2269 Quae
2397 2237 2513 2270 quum
2530 2226 2658 2259 omnia

152 2294 255 2330 iacta
280 2294 375 2338 sint,
412 2296 540 2329 tamen
578 2305 652 2328 una
686 2294 765 2328 sola
795 2294 928 2329 civitas
954 2294 1181 2329 Mamertina
1207 2294 1369 2341 legatos,
1397 2295 1460 2339 qui
1485 2294 1599 2329 istum
1626 2294 1841 2337 laudarent,
1866 2294 2018 2339 publice
2044 2294 2158 2329 misit.
2209 2293 2343 2329 Omnia
2367 2306 2388 2328 a
2414 2294 2532 2329 Verre
2557 2294 2657 2328 facta

151 2374 254 2406 esse,
288 2374 334 2397 ex
368 2362 508 2408 quibus
542 2374 648 2407 spem
679 2362 845 2407 aliquam
874 2362 1101 2398 defensionis
1127 2363 1322 2409 arriperet,
1356 2366 1442 2398 ante
1468 2363 1695 2410 legationem
1722 2363 1909 2398 acivitate
1924 2361 2148 2398 Mamertina
2173 2362 2336 2407 missam,
2361 2374 2470 2398 nemo
2497 2365 2564 2407 est,
2592 2362 2657 2408 qui

150 2436 278 2478 neget.
327 2433 430 2476 Quae
456 2433 587 2477 opinio
614 2433 645 2466 si
671 2432 919 2474 concedatur,
957 2433 1070 2467 etiam
1109 2432 1314 2477 unicuique
1345 2432 1470 2466 dicere
1502 2433 1615 2467 liceat
1644 2433 1744 2467 facta
1768 2436 1903 2468 essent.
1953 2431 2090 2467 Orator
2115 2435 2240 2467 autem
2276 2443 2352 2466 non
2380 2426 2540 2478 quaerit,
2567 2432 2660 2478 quid

156 2503 335 2548 primum,
363 2502 456 2547 quid
482 2502 622 2537 deinde
648 2502 790 2536 factum
816 2502 875 2543 sit,
900 2502 965 2535 sed
990 2502 1080 2536 satis
1106 2501 1221 2536 habet
1246 2514 1300 2544 ea,
1326 2513 1422 2546 quae
1447 2502 1598 2536 omnino
1625 2502 1725 2536 facta
1750 2507 1848 2545 sunt,
1872 2502 2061 2536 iudicibus
2087 2512 2312 2545 proponere.

363 2570 447 2607 Huc
472 2571 588 2607 etiam
613 2571 730 2607 verba
756 2571 795 2606 in
820 2571 886 2606 lib.
914 2572 945 2614 3,
972 2582 1002 2608 e.
1029 2571 1075 2607 30
1100 2570 1244 2617 scripta
1269 2570 1476 2616 pertinent:

523 2640 580 2674 Tu
606 2651 743 2686 magno
768 2639 945 2674 decumas
972 2639 1186 2683 vendidisti,
1212 2633 1329 2685 quum
1354 2644 1500 2674 tantum
1526 2639 1620 2674 lucri
1647 2639 1856 2675 decumano
1883 2640 1932 2675 sit
1956 2639 2096 2674 datum.

363 2720 425 2754 Ex
463 2721 656 2763 omnibus,
696 2732 792 2766 quae
825 2721 1060 2765 praecedunt
1094 2725 1131 2756 et
1161 2725 1387 2767 sequuntur,
1421 2721 1549 2766 colligi
1575 2724 1701 2766 potest
1726 2720 1934 2755 decumano
1960 2720 2107 2754 lucrum
2133 2730 2213 2754 esse
2238 2719 2342 2764 prius
2370 2718 2511 2762 datum,
2545 2730 2659 2764 quam

153 2789 292 2825 Verres
319 2779 496 2825 decumas
522 2789 767 2835 vendidisset,
795 2790 849 2825 ita
874 2793 917 2825 ut
941 2794 1042 2825 recte
1068 2789 1144 2824 dici
1168 2790 1290 2835 possit
1315 2790 1445 2825 datum
1476 2794 1583 2825 esset.
1634 2789 1765 2824 Cicero
1798 2789 1967 2833 perfecto
1999 2788 2228 2822 coniunctivi
2260 2799 2348 2821 usus
2374 2799 2452 2822 rem
2477 2799 2660 2822 memora-

152 2858 286 2904 bilem,
311 2869 387 2905 quo
412 2858 533 2894 maior
559 2859 750 2895 iudicibus
775 2861 912 2905 stupor
937 2861 1094 2905 propter
1117 2859 1172 2896 rei
1198 2859 1437 2895 insolentiam
1462 2858 1664 2903 iniiciatur,
1690 2860 1798 2894 extra
1822 2857 2057 2904 reliquarum
2082 2867 2209 2892 rerum
2226 2867 2364 2893 nexum
2378 2855 2531 2896 indicat.
2574 2856 2659 2893 Duo

146 2928 254 2991 facta
278 2932 479 2974 apparent,
504 2929 684 2964 decumae
708 2929 886 2964 venditae
911 2932 950 2963 et
973 2929 1120 2963 lucrum
1146 2929 1287 2972 datum,
1313 2939 1410 2975 quae
1434 2929 1513 2963 sine
1538 2927 1693 2970 ordinis,
1719 2937 1794 2972 quo
1820 2926 1974 2972 cognita
1999 2928 2098 2969 sunt,
2122 2924 2399 2971 significatione
2423 2927 2634 2961 narrantur.

363 3008 420 3044 Ne
456 3009 655 3044 omittatur
689 3009 795 3044 locus
829 3009 879 3043 ad
903 3009 1140 3053 opinionem,
1177 3019 1274 3053 quae
1304 3008 1453 3053 saepius
1480 3012 1537 3042 est
1560 3007 1768 3052 proposita,
1793 3005 2091 3041 confirmandam
2115 3007 2278 3041 maxime
2302 3005 2460 3041 idoneus
2485 3005 2593 3052 isque
2618 3005 2660 3040 in

151 3077 402 3115 Verrinarum
426 3078 492 3115 lib.
518 3079 551 3124 1,
576 3090 606 3115 c.
632 3081 654 3115 2
677 3078 736 3115 his
762 3078 888 3115 verbis
915 3088 1133 3123 expressus:

527 3148 731 3196 Equidem,
756 3151 798 3185 ut
823 3148 870 3184 de
894 3159 954 3184 me
980 3145 1174 3193 confitear,
1199 3146 1354 3192 iudices,
1380 3158 1496 3193 quum
1522 3145 1665 3184 multae
1689 3145 1781 3182 mihi
1817 3157 1839 3182 a
1873 3144 1989 3182 Verre
2021 3143 2181 3181 insidiae
2213 3147 2315 3181 terra
2339 3145 2512 3191 marique
2535 3143 2659 3181 factae
