2899 3532
1279 140 1535 183 ...6-

166 271 332 318 duxerit,
352 284 477 320 neque
513 274 703 311 artissimo
735 275 918 321 temporis
954 274 1105 311 vinculo
1141 286 1227 311 cum
1252 276 1386 312 ceteris
1411 276 1618 323 coniungit.
1667 276 1751 312 Duo
1775 276 1876 312 facta
1899 275 2158 312 memorabilia
2180 280 2459 322 proponuntur,
2478 259 2647 326 'quorum
2672 320 2677 323 μ
2700 263 2702 267 ¹
2725 249 2739 295 *T
2779 323 2798 332 Ψ
2826 271 2862 283 '
2895 308 2897 325 2

162 335 261 378 ordo
296 341 422 379 tribus
453 341 577 380 modis
612 343 775 391 cogitari
810 345 948 390 potest.
1007 341 1182 391 Namque
1218 343 1328 381 facile
1364 345 1474 382 nobis
1510 345 1761 393 persuadetur
1792 345 2059 391 imperatorem
2090 342 2256 391 aliquem
2278 344 2446 391 primum
2468 324 2663 387 exercitui
2729 338 2731 341 ¹

168 408 356 458 praeesse,
372 411 511 449 deinde
532 412 696 449 militum
733 413 983 449 sediiosorum
1006 413 1155 449 insidiis
1179 414 1271 459 peti,
1296 415 1356 450 vel
1381 414 1514 451 eodem
1537 418 1720 462 tempore,
1745 426 1821 461 quo
1846 413 1991 461 praesit
2013 412 2210 458 militibus,
2234 413 2270 449 ei
2293 413 2450 452 insidias
2472 415 2655 462 struivel

165 480 249 518 sine
285 480 364 517 ulla
397 481 582 528 temporis
617 481 884 518 observatione
919 481 996 517 dici
1019 493 1151 528 posse,
1192 486 1351 529 quantas
1377 483 1554 521 habuerit
1577 485 1705 531 copias
1731 485 1947 531 quantaque
1973 481 2075 528 apud
2099 492 2229 518 omnes
2254 482 2482 519 auctoritate
2506 494 2674 533 semper,

165 548 284 587 fuerit
307 562 498 598 quamque
521 551 569 587 ab
596 550 771 587 omnibus
796 561 952 587 suorum
976 551 1123 587 insidiis
1147 557 1325 588 remotus.
1375 552 1483 597 Quod
1509 556 1641 589 nostro
1659 553 1756 598 loco,
1779 555 1822 588 ut
1838 552 1997 597 saepius,
2022 550 2070 587 ab
2089 554 2243 587 auctore
2259 541 2393 588 haruin
2408 551 2654 590 historiarum
2695 590 2707 600 ,

164 630 466 667 magnarumque
491 620 677 656 virtutum
700 620 900 657 laudatore
923 620 1065 656 factum
1090 624 1157 656 est.
2480 629 2483 631 ’

377 689 486 725 Libri
511 690 694 725 tricesimi
720 691 872 735 septimi
898 692 1013 735 caput
1037 689 1201 734 primum
1224 689 1318 724 haec
1344 690 1458 725 habet
1483 690 1615 725 verba:

537 757 779 794 Mithridates
805 769 958 804 quoque
982 757 1180 803 repentina
1204 760 1324 793 morte
1349 758 1580 803 interceptus
1602 756 1732 802 filium,
1759 758 1823 803 qui
1847 759 1886 794 et
1898 757 1979 803 ipse
1995 756 2237 794 Mithridates
2254 756 2378 795 dictus
2395 761 2462 803 est,
2486 758 2652 807 reliquit,

446 827 555 863 cuius
595 838 639 862 ea
674 830 808 873 postea
843 826 1068 874 magnitudo
1094 825 1182 870 fuit,
1207 830 1249 860 ut
1272 836 1348 861 non
1374 826 1430 860 sui
1454 828 1602 862 tantum
1627 826 1819 872 temporis,
1843 837 1976 863 verum
2001 827 2114 862 etiam
2139 826 2344 873 superioris
2365 826 2498 865 aetatis
2523 839 2652 867 omnes

440 907 553 943 reges
578 896 776 932 maiestate
800 897 1035 941 superaverit
1060 896 1233 941 bellaque
1258 907 1343 930 cum
1363 895 1540 931 Romanis
1565 907 1634 940 per
1655 896 1908 942 quadraginta
1943 908 2008 931 sex
2031 907 2147 932 annos
2172 896 2277 932 varia
2300 896 2460 932 victoria
2483 899 2654 945 gesserit,

442 977 561 1011 quum
586 977 672 1001 eum
696 965 832 1002 summi
856 966 1102 1011 imperatores
1129 963 1242 1009 Sulla,
1266 964 1448 1000 Lucullus
1474 964 1675 1010 ceterique,
1701 965 1740 1000 in
1765 977 1911 1001 summa
1924 965 1992 1002 Gn.
2010 965 2210 1011 Pompeius
2239 966 2293 1002 ita
2305 966 2450 1012 vicerit,
2475 973 2517 1004 ut
2531 969 2653 1005 maior

441 1034 657 1081 clariorque
680 1034 721 1070 in
745 1034 992 1070 restaurando
1018 1034 1118 1070 bello
1143 1037 1360 1080 resurgeret
1384 1033 1607 1079 damnisque
1631 1035 1706 1069 suis
1733 1035 1944 1071 terribilior
1968 1034 2201 1071 redderetur.

372 1103 514 1150 Magna
538 1103 791 1153 admiratione
816 1107 950 1138 auctor
975 1104 1065 1139 libri
1088 1104 1332 1149 prosequitur
1358 1114 1485 1149 regem
1510 1103 1632 1146 Ponti,
1658 1104 1722 1148 qui
1751 1115 1867 1149 quum
1891 1104 2011 1139 multa
2036 1103 2135 1139 bella
2159 1115 2306 1140 summa
2330 1115 2416 1141 cum
2430 1105 2552 1152 gloria
2566 1118 2648 1154 ges-

163 1173 285 1217 sisset,
309 1172 464 1209 tandem
488 1172 660 1218 Pompeii
686 1173 926 1219 potissimum
950 1173 1154 1218 prudentia
1179 1176 1294 1218 atque
1319 1171 1542 1207 fortitudine
1567 1183 1769 1217 oppressus
1795 1176 1852 1209 est
1875 1184 1997 1218 neque
2022 1173 2077 1208 illi
2102 1173 2358 1218 imperatores,
2383 1174 2521 1219 quibus
2537 1175 2647 1211 Pom-

161 1241 271 1287 peius
295 1244 539 1285 successerat,
563 1252 681 1286 parva
706 1241 876 1286 pericula
900 1241 999 1277 hosti
1024 1241 1287 1287 potentissimo
1314 1242 1353 1275 et
1378 1238 1621 1275 callidissimo
1637 1244 1876 1285 paraverant.
1914 1241 2147 1277 Mithridatis
2161 1241 2383 1288 magnitudo
2397 1242 2510 1279 rebus
2533 1245 2649 1291 gestis

162 1321 398 1346 summorum
422 1309 695 1355 imperatorum
720 1311 937 1355 opponitur.
986 1309 1090 1346 Nihil
1117 1309 1237 1344 defuit
1268 1320 1434 1354 unquam
1460 1307 1507 1341 ad
1531 1319 1612 1343 rem
1637 1310 1750 1345 variis
1765 1309 2052 1345 difficultatibus
2068 1309 2356 1355 impediendam.
2406 1311 2649 1350 Mithridates

162 1379 328 1425 denique
362 1378 538 1415 victricia
561 1378 818 1415 Romanorum
856 1390 959 1414 arma
983 1382 1160 1424 expertus
1186 1377 1407 1420 diutissime,
1444 1387 1561 1422 quum
1586 1388 1698 1423 saepe
1722 1377 1770 1413 ad
1795 1378 2092 1414 internecionem
2116 1377 2194 1414 fere
2218 1366 2350 1415 vietus
2365 1382 2473 1424 esset,
2498 1380 2649 1427 imperii

160 1447 402 1485 restaurandi
424 1447 644 1484 facultatem
669 1458 745 1483 non
771 1448 905 1484 amisit.
952 1448 1142 1491 Justinus,
1173 1456 1368 1482 successor
1399 1447 1436 1479 et
1471 1444 1640 1482 imitator
1673 1447 1788 1494 Trogi
1813 1446 2000 1493 Pompeii,
2033 1458 2106 1482 uno
2135 1447 2242 1493 quasi
2278 1447 2474 1484 oculorum
2510 1449 2649 1487 obtutu

162 1528 293 1553 omnes
317 1529 377 1553 res
402 1517 578 1552 adversas
605 1520 644 1552 et
667 1517 850 1552 secundas
876 1517 1073 1552 clarissimi
1098 1517 1198 1562 regis
1225 1514 1503 1559 contemplatur
1529 1519 1566 1550 et
1590 1516 1706 1550 veluti
1732 1516 1858 1550 omnia
1882 1515 1995 1550 modo
2023 1519 2106 1550 acta
2130 1517 2216 1560 sint,
2241 1520 2379 1552 narrat.
2416 1515 2580 1553 Facilius
2594 1519 2649 1556 ita

165 1586 292 1624 dicere
315 1589 469 1633 poterat
493 1585 624 1622 Cicero
651 1586 689 1621 in
715 1587 888 1622 oratione
912 1598 982 1632 pro
1008 1586 1165 1631 imperio
1192 1585 1373 1631 Pompeii.
1420 1585 1604 1629 Justinus,
1630 1585 1695 1630 qui
1721 1586 1986 1621 coniunctione
2014 1597 2130 1630 quum
2154 1586 2193 1621 in
2211 1586 2408 1622 narrandis
2422 1587 2535 1623 rebus
2561 1593 2649 1625 ante

160 1655 302 1692 multos
339 1666 456 1691 annos
496 1655 662 1700 peractis
700 1658 830 1700 utitur,
868 1662 905 1692 et
945 1667 1053 1691 suum
1090 1656 1256 1690 animum
1292 1658 1331 1690 et
1355 1657 1567 1690 ceterorum
1593 1657 1735 1689 mentes
1761 1655 1808 1690 ab
1836 1654 1967 1690 ordine
1992 1659 2216 1700 temporum,
2241 1654 2378 1700 quibus
2404 1654 2526 1692 factae
2549 1660 2648 1702 sunt,

161 1735 318 1770 prorsus
344 1727 479 1760 avocat
503 1724 671 1768 satisque
696 1723 813 1760 habet
839 1736 1144 1767 commemorare,
1181 1735 1277 1768 quae
1314 1735 1374 1758 res
1406 1723 1668 1758 memorabiles
1693 1723 1807 1758 fuisse
1833 1724 2042 1758 videantur.
2090 1724 2267 1758 Dubitari
2292 1736 2367 1759 non
2391 1727 2528 1769 potest,
2553 1726 2646 1771 quin

161 1792 334 1830 Justinus
370 1792 500 1829 scierit
522 1791 785 1828 Mithridatem
823 1793 929 1838 prius
958 1794 1100 1828 victum
1126 1793 1172 1828 ab
1199 1792 1492 1837 imperatoribus
1517 1791 1696 1827 Romanis
1722 1803 1814 1835 esse,
1841 1803 1953 1836 quam
1978 1791 2227 1827 resurrexisse
2252 1803 2272 1827 e
2296 1792 2488 1839 stragibus
2512 1797 2645 1839 poten·
2870 1739 2899 1822 ὦ

159 1861 371 1909 tioremque
394 1861 567 1898 evasisse.
616 1861 1035 1908 Plusquamperfectum
1060 1861 1291 1897 coniunctivi
1317 1861 1469 1898 vicisset
1493 1871 1563 1907 pro
1588 1859 1756 1906 perfecto
1783 1860 2080 1897 desiderabatur.
2130 1860 2234 1905 Quae
2266 1861 2362 1897 ratio
2394 1865 2525 1898 nostro
2558 1862 2644 1899 loco

158 1934 330 1977 apparet,
354 1942 398 1966 ea
421 1930 584 1965 hominis
610 1934 667 1965 est
691 1942 776 1964 cum
801 1930 1052 1966 admiratione
1078 1931 1342 1974 exclamantis,
1367 1941 1441 1964 non
1466 1930 1689 1974 simpliciter
1726 1930 1923 1963 narrantis.
1987 1929 2026 1964 Si
2064 1940 2135 1973 res,
2172 1941 2268 1975 quae
2304 1929 2436 1965 eodem
2475 1933 2646 1976 tempore

158 1998 283 2036 factae
307 2009 351 2035 ac
375 2010 488 2044 saepe
512 2002 714 2035 renovatae
739 2003 836 2043 sunt,
862 2000 953 2034 alias
980 2000 1087 2045 quasi
1101 2000 1209 2035 iuxta
1222 1999 1312 2034 alias
1338 1998 1524 2044 ponimus,
1549 2002 1591 2034 ut
1614 1999 1829 2043 promiscue
1861 1997 1982 2033 factae
2012 2009 2092 2033 esse
2132 1999 2343 2042 videantur,
2378 1999 2644 2044 imperfectum

156 2067 391 2104 coniunctivi
416 2067 605 2112 particula
629 2079 745 2113 quum
768 2068 940 2113 requirit.
990 2068 1193 2113 Plerosque
1219 2079 1347 2102 omnes
1374 2066 1783 2112 plusquamperfectum
1810 2066 2041 2101 coniunctivi
2072 2066 2146 2102 hoc
2182 2067 2265 2103 loco
2301 2067 2494 2113 posituros
2531 2068 2644 2105 fuisse

160 2140 323 2172 constat.
2538 2176 2563 2209 ι

365 2203 502 2240 Nullus
528 2205 634 2239 locus
659 2204 870 2240 mirabilior
894 2205 1046 2240 videtur
1070 2216 1161 2249 esse,
1188 2217 1301 2250 quam
1326 2204 1369 2248 is,
1396 2204 1460 2249 qui
1485 2204 1523 2238 in
1549 2206 1717 2238 extremo
1744 2205 1868 2248 capite
1892 2204 2056 2239 secundo
2083 2204 2171 2239 libri
2203 2204 2483 2252 quadragesimi
2515 2206 2642 2251 quarti

154 2273 213 2310 his
237 2273 365 2310 verbis
391 2285 592 2319 expressus
617 2273 773 2320 legitur:

521 2341 637 2379 Cuius
663 2353 706 2378 ea
728 2342 850 2379 virtus
876 2342 1184 2389 continentiaque
1207 2342 1290 2387 fuit,
1316 2346 1368 2387 ut,
1394 2353 1509 2387 quum
1534 2341 1748 2377 consulares
1774 2342 1960 2378 exercitus
1986 2340 2202 2389 frequenter
2216 2341 2364 2386 vicerit,
2389 2342 2504 2378 tantis
2526 2343 2639 2380 rebus

428 2412 546 2459 gestis
571 2423 648 2447 non
673 2422 873 2454 armorum,
897 2423 973 2447 non
998 2412 1111 2448 vestis
1137 2412 1291 2455 cultum,
1316 2422 1392 2446 non
1417 2410 1578 2455 denique
1603 2411 1746 2446 victum
1771 2411 1984 2455 mutaverit,
2009 2410 2075 2446 sed
2099 2411 2139 2446 in
2153 2422 2197 2447 eo
2214 2411 2358 2456 habitu,
2384 2423 2459 2458 quo
2473 2412 2638 2458 primum

428 2481 572 2518 bellare
597 2482 734 2527 coepit,
759 2483 1065 2527 perseveraverit,
1092 2485 1134 2516 ut
1159 2482 1281 2527 quivis
1309 2481 1505 2528 gregarius
1530 2481 1635 2516 miles
1662 2482 1744 2526 ipso
1770 2481 1999 2527 imperatore
2024 2481 2242 2527 opulentior
2265 2481 2470 2517 videretur.

359 2550 477 2596 Quem
501 2551 629 2587 locum
665 2551 732 2596 qui
767 2551 815 2586 ab
853 2551 1007 2596 reliquis
1044 2552 1168 2586 verbis
1206 2552 1403 2598 scriptoris
1428 2552 1616 2597 seiungat,
1643 2552 1726 2596 quis
1752 2550 2020 2597 intelligendus
2056 2551 2115 2595 sit,
2139 2550 2279 2587 lentius
2303 2551 2480 2596 reperiat.
2529 2551 2639 2588 Libri

150 2623 286 2657 auctor
309 2620 390 2666 ipse
416 2620 463 2656 de
486 2620 743 2667 Hispanorum
768 2621 993 2665 corporibus
1019 2620 1067 2656 ad
1091 2621 1253 2657 inediam
1278 2633 1322 2656 ac
1347 2621 1525 2664 laborem,
1552 2621 1599 2656 de
1624 2621 1758 2656 animis
1783 2620 1831 2655 ad
1856 2623 2015 2655 mortem
2040 2602 2182 2664 paratis
2221 2619 2408 2656 disserens
2433 2632 2638 2667 omnesque

150 2688 289 2726 horum
311 2688 543 2736 populorum
566 2688 728 2725 virtutes
755 2687 1070 2735 splendidissimis
1095 2689 1220 2726 verbis
1247 2701 1384 2726 ornans
1410 2689 1548 2726 sentire
1573 2700 1647 2733 eos,
1673 2688 1738 2735 qui
1763 2688 1932 2733 audiunt,
1958 2687 2072 2735 cogit,
2096 2687 2202 2724 cuius
2227 2687 2299 2725 viri
2323 2691 2447 2726 tantas
2470 2688 2639 2727 celebret
2874 2693 2899 2749 fi

148 2758 292 2794 laudes.
340 2758 415 2794 Per
437 2758 559 2793 multa
582 2758 734 2793 saecula
758 2758 905 2792 nullum
929 2757 1106 2804 Hispanis
1132 2759 1266 2795 ducem
1291 2770 1471 2806 magnum
1496 2759 1568 2793 nisi
1594 2757 1783 2793 viriatum
1808 2757 1922 2793 fuisse
1946 2757 2049 2803 dicit,
2076 2758 2141 2804 qui
2157 2768 2228 2804 per
2240 2757 2371 2794 decem
2385 2768 2503 2794 annos
2521 2757 2636 2794 variis

145 2828 318 2863 victoriis
343 2827 535 2863 Romanos
559 2828 794 2874 fatigaverit,
831 2838 944 2871 quem
980 2829 1103 2871 ipsum
1127 2840 1204 2862 non
1235 2829 1377 2863 iudicio
1408 2829 1541 2872 populi
1567 2829 1740 2869 electum,
1766 2827 1832 2861 sed
1857 2827 2014 2861 cavendi
2039 2827 2225 2862 scientem
2250 2827 2637 2872 declinandornmque

145 2895 404 2943 periculorum
443 2895 610 2943 peritum
646 2908 776 2935 omnes
814 2895 1017 2943 populares
1056 2908 1139 2933 eum
1175 2902 1324 2934 secutos
1363 2909 1453 2934 esse.
1503 2896 1640 2942 Verba,
1682 2908 1777 2942 quae
1808 2897 2005 2943 proposita
2028 2899 2134 2940 sunt,
2164 2896 2260 2933 nihil
2284 2895 2437 2940 habent,
2462 2895 2565 2942 quod
2589 2895 2639 2932 ad

142 2976 323 3013 praesens
357 2969 510 3014 tempus
549 2966 748 3013 pertineat.
808 2965 943 3002 Multis
981 2966 1087 3002 annis
1124 2970 1210 3004 ante
1247 2968 1471 3014 scriptorem
1498 2967 1610 3011 vixit3
1646 2966 1775 3012 itaque
1800 2977 1857 3011 ea,
1890 2977 1985 3013 quae
2010 2964 2057 3002 de
2083 2964 2229 3003 Viriato
2254 2964 2459 3012 praedicat,
2483 2965 2639 3003 nonita

144 3037 235 3072 sunt
256 3035 490 3083 accipienda,
515 3036 624 3083 quasi
649 3036 763 3073 modo
788 3041 897 3084 gesta
921 3036 1009 3072 sint.
1059 3035 1146 3071 Non
1171 3037 1217 3072 ad
1243 3049 1322 3073 rem
1357 3037 1420 3072 vix
1457 3036 1605 3073 finitam
1637 3036 1820 3083 quasique
1855 3035 1989 3073 eodem
2026 3035 2088 3071 die
2126 3037 2249 3072 actam
2271 3035 2443 3072 Justinus
2470 3034 2637 3071 animum

141 3106 343 3151 convertit,
379 3106 445 3141 sed
481 3106 530 3141 ad
566 3110 727 3143 aetatem
764 3106 908 3141 dudum
938 3109 1144 3150 peractam.
1193 3108 1415 3152 Quicunque
1447 3107 1603 3142 eandem
1630 3107 1856 3157 sententiam
1882 3106 2007 3142 verbis
2034 3105 2248 3152 perspicuis
2274 3105 2431 3141 reddere
2456 3104 2632 3147 voluerit,
