2899 3532
760 465 816 501 15.

759 1042 817 1077 25.

761 1328 817 1363 30.

762 1614 817 1649 35.

761 2190 819 2226 45.

764 2477 820 2513 50.

765 2767 820 2803 55.

765 3055 821 3094 60.

873 230 1026 268 Tertius
1051 232 1108 268 est
1131 241 1263 277 annus,
1288 232 1489 278 postquam
1513 239 1588 265 vox
1612 230 1714 267 edita
1738 240 1877 278 magna
1900 234 1973 270 θοις

1012 288 1182 335 Napoleo
1207 291 1351 334 captus,
1374 299 1555 333 prospera
1577 299 1706 335 pugna
1729 289 1817 326 fuit!

875 346 995 395 Ergo.
1006 346 1211 384 Sedanensi
1234 356 1364 393 pugna
1386 346 1466 381 sine
1489 345 1601 382 lande
1623 351 1819 393 peractum
1859 377 1862 379 Α

1012 405 1164 442 Inter-iit
1187 403 1385 450 proprium
1408 402 1636 451 Napoleonis
1661 416 1767 451 opus.

873 463 1013 500 Nostra
1035 462 1243 499 resurrexit
1267 461 1466 497 Germania
1487 461 1596 499 fortis
1620 466 1658 499 et
1681 475 1756 499 una

1013 520 1067 558 Et
1089 520 1215 556 iunxit
1236 519 1398 566 populos
1421 519 1696 566 imperiumque
1720 523 1837 558 vetus.

878 578 1102 615 Teutonicas
1127 579 1258 624 gentes
1282 576 1383 613 bello
1407 576 1628 623 magnisque
1652 576 1804 623 periclis

1014 635 1201 671 Firmatas
1225 634 1324 671 vidit
1345 637 1518 679 posterus
1542 635 1607 669 ille
1631 634 1723 670 dies.

876 693 1031 740 Imperii
1055 692 1176 729 forma
1199 695 1257 728 est
1279 691 1424 735 melior,
1447 703 1560 738 quam
1584 703 1680 739 quae
1704 691 1778 729 fuit
1801 693 1902 739 olim,

1015 749 1210 786 Germanis
1233 752 1385 795 praeest
1407 749 1617 785 Zolleriana
1641 749 1785 785 domus.

876 809 978 846 Auni
1001 807 1197 854 praeteriti
1219 818 1288 843 nos
1312 806 1407 842 illud
1430 808 1532 843 mille
1556 808 1759 852 docebunt,

1014 864 1068 902 Et
1091 867 1238 911 tempus
1262 874 1438 911 praesens
1463 875 1623 912 spesque
1646 864 1774 901 futura
1789 866 1937 912 probat.

879 924 1084 960 Germanos
1108 924 1259 958 constat
1280 921 1409 957 multis
1433 922 1637 958 virtutibus
1663 934 1792 958 omnes

1016 981 1172 1028 Semper
1195 979 1365 1017 finitimis
1389 981 1635 1026 praenituisse
1660 982 1748 1018 suis.

877 1039 1081 1076 Germanos
1105 1038 1258 1074 Tacitus
1281 1048 1428 1073 morum
1451 1038 1643 1084 probitate
1665 1039 1816 1076 videtur

1016 1098 1161 1138 Doctus
1186 1096 1365 1132 Romanis
1388 1097 1650 1141 praeposuisse
1673 1099 1792 1133 malis.

846 1187 848 1189 .
877 1154 1084 1193 Germanos
1109 1152 1237 1190 Gallus
1261 1153 1416 1200 quidam
1438 1156 1547 1200 putat
1570 1165 1650 1191 esse
1675 1155 1819 1200 beatos,

1015 1211 1107 1256 Quis
1131 1211 1245 1246 etiam
1268 1221 1446 1256 magnum
1470 1211 1520 1246 sit
1543 1222 1610 1247 sua
1634 1212 1765 1258 lingua
1790 1213 1915 1248 decus.

875 1270 927 1305 At
953 1267 1131 1304 Germani
1155 1266 1255 1311 olim,
1279 1277 1427 1302 morum
1452 1267 1678 1314 linguaeque
1702 1274 1864 1315 tenaces,

1016 1325 1060 1362 In
1083 1325 1236 1370 populis
1259 1325 1435 1363 meritum
1459 1336 1534 1360 non
1558 1325 1725 1361 habuere
1749 1326 1886 1363 locum.

877 1383 1074 1429 Corruptis
1098 1383 1198 1418 vitae
1221 1381 1372 1428 populis
1397 1383 1572 1419 alimenta
1594 1383 1755 1419 ferentes

1015 1438 1300 1486 Migrantesque
1322 1438 1429 1474 novis
1453 1439 1628 1475 interiere
1651 1441 1758 1479 locis.

877 1496 980 1542 Quae
1003 1500 1110 1532 vetus
1134 1496 1334 1541 imperium
1357 1498 1510 1541 possent
1532 1495 1628 1532 bene
1653 1491 1815 1534 condere
1839 1498 1933 1546 iura,

1019 1555 1122 1600 Quae
1145 1557 1303 1600 possent
1325 1553 1418 1589 fines
1443 1553 1581 1590 addere
1604 1556 1686 1591 sola
1709 1556 1841 1601 bonos,

877 1611 1030 1648 Civibus
1055 1612 1206 1646 adiutor
1228 1610 1375 1646 validus
1399 1611 1593 1656 victorque
1617 1612 1817 1658 timendus,

1014 1669 1164 1714 Auceps
1189 1667 1374 1703 Henricus
1399 1667 1495 1703 vidit
1518 1672 1557 1703 et
1581 1669 1661 1715 egit
1683 1681 1823 1706 amans.

876 1727 941 1763 Nil
963 1729 1114 1773 poterat
1136 1735 1254 1773 regno
1277 1725 1466 1772 prodesse,
1491 1725 1593 1772 quod
1617 1738 1713 1763 unus
1738 1731 1777 1764 et
1800 1728 1897 1765 alter

1016 1784 1097 1820 Rex
1121 1783 1204 1819 aliis
1228 1783 1378 1829 populis
1403 1784 1642 1828 imposuisset
1665 1795 1770 1820 onus.

877 1842 1053 1878 Germani
1077 1841 1187 1876 multi
1210 1840 1305 1876 nihil
1329 1841 1504 1876 invenere
1528 1852 1595 1887 per
1619 1853 1731 1887 agros

1013 1898 1165 1934 Italicos
1189 1900 1341 1943 praeter
1365 1901 1466 1933 certa
1490 1898 1662 1944 sepulcra
1685 1899 1770 1936 sibi.

880 1957 1197 2002 Propugnatores,
1222 1954 1425 1991 fortissima
1449 1958 1613 2001 pectora,
1640 1956 1755 1991 Suebi

1017 2013 1143 2050 Rebus
1168 2016 1207 2049 et
1229 2013 1390 2059 ingeniis
1415 2013 1468 2048 nil
1492 2024 1672 2059 peperere
1696 2015 1785 2051 suis.

878 2073 1088 2108 Austriacis
1112 2073 1235 2107 inerat
1259 2072 1460 2116 prudentia
1483 2073 1613 2115 maior,
1639 2077 1677 2108 et
1700 2074 1774 2118 ipsi

1017 2129 1186 2166 Condere
1208 2128 1408 2164 tentabant
1430 2140 1546 2175 regna
1570 2141 1732 2175 suasque
1756 2131 1898 2167 domos.

878 2187 1094 2224 Communis
1120 2187 1265 2233 patriae
1288 2198 1348 2222 res
1373 2198 1449 2222 non
1474 2197 1606 2222 curare
1630 2187 1818 2232 solebant3

1017 2245 1144 2290 Atque
1168 2245 1207 2279 in
1231 2243 1376 2279 deliciis
1399 2244 1552 2279 Austria
1577 2255 1725 2289 semper
1749 2250 1840 2280 erat.

880 2303 1059 2349 Antiquis
1084 2302 1217 2339 saeclis
1241 2302 1354 2338 armis
1380 2300 1618 2346 mediumque
1645 2313 1713 2348 per
1737 2315 1872 2339 aevum

1018 2360 1222 2395 Germanos
1249 2359 1376 2394 hostes
1402 2369 1476 2394 non
1500 2360 1642 2404 petiere
1667 2371 1811 2406 graves.

878 2417 960 2453 Rex
986 2417 1257 2453 Germanorum
1280 2417 1334 2452 nil
1359 2421 1508 2462 praeter
1530 2428 1668 2453 nomen
1693 2419 1803 2454 inane

1018 2474 1186 2512 Caesaris
1210 2475 1375 2521 Augusti
1399 2474 1517 2511 tristis
1542 2475 1707 2512 habebat
1731 2476 1866 2513 adhuc.

878 2534 1081 2570 Finitimae
1105 2537 1235 2579 gentes
1259 2532 1356 2568 aliae
1381 2532 1552 2578 Gallique
1576 2533 1757 2577 repressis

1017 2591 1192 2628 Partibus
1216 2590 1418 2637 imperium
1441 2590 1671 2626 constituere
1694 2590 1846 2626 bonum.

879 2650 1033 2686 Carolus
1058 2645 1102 2684 et'
1121 2648 1273 2694 quintus
1297 2647 1539 2682 Franciscum
1564 2647 1714 2682 vincere
1738 2648 1900 2693 primum

1010 2705 1149 2750 Quivit,
1172 2716 1242 2741 nec
1265 2704 1407 2740 Turcas
1430 2705 1576 2750 respuit
1598 2705 1662 2740 ille
1685 2705 1794 2741 feros.

885 2764 948 2801 Sic
973 2763 1068 2800 alter
1092 2762 1281 2799 Lotharus
1306 2761 1435 2798 Gallus
1462 2761 1622 2798 cedebat
1647 2761 1786 2799 Othoni

1020 2821 1205 2857 Germano
1230 2820 1279 2856 ad
1302 2822 1446 2866 patrios
1469 2821 1591 2856 victus
1615 2821 1664 2855 ad
1689 2832 1807 2866 usque
1830 2821 1938 2859 lares.

880 2879 990 2926 Quod
1015 2879 1095 2915 dux
1118 2878 1316 2916 Mauritius
1342 2877 1459 2914 Gallis
1482 2880 1560 2914 tres
1586 2877 1732 2914 dedidit
1755 2877 1877 2923 urbes,

1016 2936 1244 2983 Exemplum
1267 2947 1427 2981 pravum
1449 2936 1711 2981 perniciesque
1735 2936 1816 2972 fuit.

880 2995 1053 3043 Triginta
1077 3005 1260 3030 annorum
1283 2993 1385 3029 bello
1411 2993 1610 3030 Germania
1635 2992 1750 3028 Gallis

1019 3053 1072 3089 Et
1097 3052 1225 3089 Suecis
1248 3063 1405 3100 magnas
1429 3053 1531 3089 victa
1554 3051 1709 3097 reliquit
1732 3061 1835 3096 opes.

879 3112 1080 3150 Terrarum
1104 3110 1263 3157 cupidus
1287 3114 1449 3157 poteras,
1473 3110 1665 3146 Ludovice
1689 3107 1862 3155 superbe,

1017 3172 1109 3225 M⁰.¹
1131 3171 1172 3207 in
1195 3170 1421 3208 Teutonicos
1446 3180 1597 3206 currere
1620 3169 1741 3205 victor
1765 3178 1887 3214 agros.
