2899 3532
1278 134 1535 176 ...⁷7-

173 269 542 322 plusquamperfecto
585 268 816 304 coniunctivi
854 269 1013 314 propter
1045 269 1347 304 coniunctionem
1384 281 1511 315 quum,
1550 281 1661 315 quam
1698 271 1864 316 perfecto
1903 270 2071 305 eiusdem
2095 269 2199 304 modi
2224 269 2279 304 uti
2305 269 2429 304 malet.
2477 269 2647 314 Namque

175 343 311 380 Viriati
335 339 514 377 victorias
539 337 684 383 priores
709 336 824 373 fuisse
849 337 984 373 ceteris
1008 338 1133 382 rebus,
1159 349 1254 383 quae
1280 350 1326 374 ex
1351 339 1430 374 eius
1455 340 1532 375 vita
1557 344 1907 384 commemorantur,
1934 338 2122 375 constanti
2146 348 2336 373 armorum
2362 349 2450 382 usu,
2474 338 2646 373 immuta-

172 413 242 450 bili
274 409 388 447 vestis
426 405 687 452 simplicitate,
718 410 902 452 perpetua
925 405 1046 442 victus
1072 405 1304 454 frugalitate,
1327 418 1436 443 nemo
1462 412 1527 453 est,
1552 409 1615 453 qui
1641 410 1784 445 nesciat
1807 408 1866 444 vel
1891 408 1999 443 lectis
2025 407 2149 443 verbis
2176 406 2349 441 fateatur.
2397 406 2529 451 Itaque
2554 405 2647 441 nihil

173 482 299 517 verius
324 477 401 513 dici
424 477 562 522 potest,
580 486 694 520 quam
717 474 919 518 Justinum,
943 476 976 510 si
1000 485 1236 510 communem
1259 476 1440 522 loquendi
1463 479 1726 524 scribendique
1750 479 1934 513 rationem
1959 477 2064 522 sequi
2082 477 2274 520 voluisset,
2297 476 2450 511 vicisset
2462 486 2533 520 pro
2547 476 2646 511 vice·

169 551 221 587 rit
244 548 473 593 scripturum
498 543 624 580 fuisse.

376 612 562 657 Justinus,
596 612 662 658 qui
700 611 823 648 facere
847 623 924 648 non
948 613 1091 658 potuit,
1118 614 1210 659 quin
1235 615 1426 662 egregiam
1451 615 1710 652 fortitudinem
1734 617 1954 662 patriaeque
1979 616 2174 651 caritatem
2199 615 2238 650 in
2263 617 2415 660 pastore
2440 612 2647 659 eodemque

170 684 313 730 optimo
339 681 573 717 exercituum
598 680 694 715 duce
717 680 979 724 admiraretur,
1003 681 1138 725 verbis,
1164 693 1260 727 quae
1283 683 1505 727 audivimus,
1529 685 1643 719 animi
1667 696 1775 719 sensa
1799 684 1987 728 patefecit.
2036 685 2168 729 Itaque
2191 695 2267 718 non
2293 683 2333 718 id
2357 684 2457 729 agit,
2492 686 2544 726 ut,
2569 695 2644 728 quo

170 753 303 788 ordine
327 762 386 785 res
411 753 518 785 actae
535 749 620 792 sint,
645 749 887 793 demonstret,
912 749 1099 785 Viriatum
1115 762 1227 796 saepe
1252 752 1465 787 consulares
1490 754 1676 788 exercitus
1702 753 1836 787 vicisse
1853 763 1922 786 nec
1939 756 2062 786 tamen
2077 756 2164 797 post
2181 755 2239 787 tot
2252 755 2452 797 tantasque
2466 751 2645 787 victorias

169 823 286 859 ullam
322 823 467 866 partem
506 818 628 854 victus
666 818 864 864 cultusque
900 822 1074 855 mutasse.
1121 818 1222 856 Duas
1248 832 1306 856 res
1332 822 1522 867 proponit,
1548 821 1726 857 victorias
1753 820 1926 865 barbari,
1953 832 2062 866 quem
2089 820 2191 865 dicit,
2216 824 2254 856 et
2278 821 2377 856 vitae
2402 831 2533 867 genus,
2570 831 2645 866 quo

168 891 263 928 nihil
287 887 495 934 simplicius
519 886 728 933 excogitari
752 890 890 933 potest,
915 898 990 923 non
1015 880 1229 924 mutatum?

376 956 510 994 Velleii
535 955 724 991 Paterculi
748 956 937 992 Historiae
963 957 1152 993 Romanae
1177 959 1225 993 ad
1250 959 1300 993 M.
1327 958 1513 994 Vinicium
1538 960 1729 995 consulem
1755 959 1819 994 lib.
1844 961 1866 993 2
1892 971 1921 993 c.
1949 960 2015 994 122
2040 959 2138 993 hunc
2172 971 2285 993 unum
2309 958 2451 994 habent
2475 959 2644 995 eiusdem

167 1029 314 1076 generis
339 1028 481 1063 locum:

536 1096 625 1141 Quis
649 1107 725 1131 non
749 1095 848 1132 inter
871 1095 1027 1141 reliqua,
1053 1096 1189 1142 quibus
1215 1097 1416 1144 singularis
1436 1097 1643 1133 moderatio
1658 1098 1741 1134 Tib.
1755 1097 1923 1134 Caesaris
1938 1097 2060 1131 elucet
2088 1099 2201 1141 atque
2226 1096 2373 1140 eminet,
2399 1097 2470 1132 hoc
2486 1107 2640 1142 quoque

444 1167 613 1209 miretur,
638 1165 751 1210 quod,
777 1176 892 1210 quum
917 1165 996 1200 sine
1021 1165 1097 1199 ulla
1121 1165 1357 1201 dubitatione
1381 1171 1522 1211 septem
1546 1168 1758 1212 triumphos
1783 1167 1975 1209 meruerit,
1998 1166 2119 1200 tribus
2145 1169 2341 1200 contentus
2366 1165 2506 1201 fuerit?

376 1234 558 1280 Scriptor,
583 1240 689 1270 cuius
714 1233 806 1268 haec
833 1233 947 1268 verba
971 1233 1159 1280 indagavi,
1183 1246 1251 1279 per
1275 1238 1397 1270 totum
1423 1236 1644 1280 opusculum
1669 1248 1822 1281 operam
1848 1235 1963 1279 dedit,
1988 1238 2032 1270 ut
2047 1235 2198 1279 patroni
2211 1235 2280 1276 sui,
2307 1235 2445 1270 Tiberii
2461 1235 2643 1279 Caesaris,

166 1306 251 1339 acta
275 1304 428 1338 summis
457 1303 632 1339 laudibus
670 1301 829 1338 efferret.
877 1302 1114 1347 Exclamans,
1151 1303 1233 1349 quis
1270 1315 1346 1339 non
1370 1304 1545 1349 miretur,
1583 1305 1701 1350 quod,
1734 1317 1851 1350 quum
1877 1304 2014 1349 septies
2039 1297 2273 1348 triumphare
2298 1303 2493 1348 potuisset,
2519 1304 2642 1339 tribus

164 1372 366 1418 triumphis
404 1376 602 1408 contentus
632 1371 762 1415 fuerit,
798 1372 898 1407 idem
928 1371 1035 1416 facit,
1073 1373 1174 1417 quod
1198 1373 1248 1417 is,
1280 1374 1346 1418 qui
1369 1377 1469 1409 totus
1495 1378 1551 1409 est
1575 1375 1613 1408 in
1637 1374 1707 1409 hac
1733 1386 1807 1409 una
1830 1386 1871 1409 re
1896 1372 2094 1409 laudanda.
2143 1372 2306 1407 Velleius
2324 1372 2541 1408 Paterculus
2566 1385 2641 1408 non

166 1442 249 1478 vult
272 1442 311 1477 in
337 1442 499 1488 simplici
525 1454 651 1478 rerum
676 1454 698 1477 a
721 1441 874 1477 Tiberio
900 1444 1090 1488 gestarum
1115 1442 1332 1478 narratione
1356 1453 1508 1488 operam
1522 1443 1763 1488 studiumque
1781 1454 1937 1489 ponere3
1965 1442 2180 1487 ubicunque
2198 1440 2394 1477 commode
2409 1440 2489 1477 fieri
2503 1445 2640 1487 potest,

164 1522 249 1547 eum
273 1522 363 1558 prae
389 1511 523 1547 ceteris
548 1511 677 1547 laudat
700 1510 980 1557 lectoribusque
1003 1511 1079 1547 suis
1105 1511 1392 1548 admirationem
1429 1512 1579 1548 iniicere
1616 1517 1783 1549 conatur.
1832 1513 1912 1547 Hoc
1943 1512 2026 1547 loco
2052 1513 2082 1546 si
2108 1510 2516 1557 plusquamperfectum
2543 1523 2633 1546 con-

163 1582 321 1617 iunctivi
358 1581 585 1626 scripsisset,
621 1581 844 1626 simpliciter
879 1585 1067 1616 narrasset
1100 1581 1273 1627 factaque
1310 1594 1353 1617 eo
1394 1583 1534 1626 ordine,
1559 1594 1632 1628 quo
1659 1588 1874 1627 evenerunt,
1899 1583 2099 1618 retulisset.
2148 1582 2338 1617 Naturalis
2364 1586 2488 1617 autem
2512 1594 2639 1617 rerum

165 1650 258 1686 ordo
284 1650 314 1686 is
341 1653 407 1694 est,
433 1654 475 1686 ut
499 1650 634 1696 aliquis
648 1650 810 1695 primum
823 1654 1020 1695 mereatur,
1046 1651 1110 1696 qui
1137 1651 1354 1697 triumphet,
1380 1652 1512 1688 deinde
1537 1664 1611 1688 non
1636 1653 1801 1698 acceptis
1828 1652 2013 1695 omnibus,
2039 1651 2104 1697 qui
2130 1651 2163 1686 ei
2201 1650 2396 1694 debentur,
2421 1650 2636 1696 triumphis,

164 1720 407 1766 paucioribus
444 1720 494 1755 sit
534 1722 741 1755 contentus.
800 1718 1011 1754 Historicus
1053 1724 1198 1764 noster,
1235 1732 1281 1756 ne
1315 1721 1407 1766 quid
1432 1722 1727 1766 praetermisisse
1751 1721 1936 1764 videatur,
1961 1721 2174 1755 summatim
2200 1723 2337 1763 narrat,
2363 1720 2500 1764 quibus
2524 1720 2637 1754 rebus

166 1790 281 1836 gestis
306 1789 479 1825 Tiberius
504 1793 646 1835 septem
672 1788 882 1834 triumphos
907 1788 1087 1823 meruerit
1110 1800 1332 1835 semperque
1356 1791 1625 1837 interrogando
1652 1792 1691 1826 in
1716 1791 1861 1836 reliqua
1887 1790 2021 1835 capitis
2046 1793 2153 1834 parte
2178 1789 2428 1824 assensionem
2441 1788 2635 1823 hominum

164 1859 298 1895 elicere
323 1859 461 1895 studet.
509 1859 618 1904 Quod
643 1858 815 1894 Tiberius
840 1861 983 1903 septem
1008 1857 1208 1903 triumphis
1233 1857 1370 1905 dignus
1396 1859 1476 1905 fuit,
1501 1873 1558 1896 res
1583 1865 1639 1896 est
1662 1872 1739 1896 non
1764 1861 1887 1896 minus
1913 1858 2123 1902 laudabilis,
2149 1869 2261 1903 quam
2287 1857 2389 1903 quod
2415 1857 2535 1893 tribus
2550 1868 2636 1892 con-

164 1930 289 1964 tentus
313 1939 393 1964 esse
418 1928 547 1964 voluit.
595 1927 744 1964 Sufficit
766 1927 884 1974 igitur
908 1926 1043 1971 dicere,
1069 1926 1171 1973 quod
1194 1925 1336 1964 factum
1361 1934 1427 1973 est,
1453 1940 1572 1975 neque
1597 1929 1807 1965 luculenter
1832 1928 2039 1972 enuntiare,
2065 1938 2161 1972 quae
2186 1927 2283 1961 ratio
2309 1926 2519 1961 intercedat
2540 1927 2638 1961 inter

162 2000 322 2043 tempus,
347 2008 423 2043 quo
449 1997 621 2032 Tiberius
646 1998 704 2031 ius
729 2000 874 2042 septem
898 1996 1177 2041 triumphorum
1202 1996 1360 2042 adeptus
1386 2001 1452 2041 est,
1476 2002 1513 2033 et
1536 1998 1642 2042 illud,
1668 2010 1743 2043 quo
1769 1998 2028 2043 triumphavit.
2077 1996 2200 2032 Extra
2226 1996 2367 2031 iustum
2394 2007 2519 2030 rerum
2543 1999 2636 2030 tem—

163 2076 373 2111 porumque
398 2078 535 2102 nexum
562 2077 641 2101 rem
665 2077 687 2101 a
711 2066 805 2108 viro,
830 2065 935 2100 cuius
960 2076 1083 2100 mores
1110 2063 1254 2114 ubique
1274 2067 1414 2110 laudat,
1438 2069 1626 2111 peractam
1652 2068 1831 2103 intuetur.
1880 2067 2078 2102 Praeterea
2111 2065 2236 2100 dicere
2261 2064 2349 2099 licet
2373 2063 2635 2108 imperfectum

163 2134 393 2170 coniunctivi
419 2136 501 2170 loco
526 2137 656 2170 nostro
681 2145 757 2169 non
782 2134 878 2169 male
903 2146 941 2170 se
966 2135 1115 2178 habere,
1140 2139 1183 2171 ut
1207 2136 1412 2171 scribatur:
1439 2134 1618 2179 Tiberius,
1646 2147 1761 2180 quum
1788 2140 1932 2180 septem
1949 2134 2159 2179 triumphos
2173 2136 2389 2176 mereretur,
2405 2132 2526 2167 tribus
2545 2143 2634 2166 con-

160 2204 286 2238 tentus
311 2202 392 2239 fuit.
440 2203 490 2240 Ut
513 2203 922 2250 plusquamperfectum
948 2203 1179 2239 coniunctivi
1217 2216 1296 2240 rem
1321 2204 1394 2239 alia
1420 2216 1458 2239 re
1483 2203 1733 2250 antiquiorem
1758 2204 1911 2249 indicat,
1936 2204 1991 2239 ita
2014 2201 2274 2248 imperfectum
2299 2200 2528 2235 coniunctivi
2554 2211 2634 2234 rem

162 2272 369 2319 significat,
406 2284 503 2319 quae
540 2272 662 2308 adhuc
688 2275 769 2307 erat
793 2283 835 2307 eo
860 2276 1031 2318 tempore
1056 2273 1269 2318 conspicua,
1296 2284 1371 2318 quo
1397 2274 1512 2308 altera
1536 2285 1594 2308 res
1620 2273 1793 2308 exstabat
1817 2274 1876 2307 vel
1901 2274 2057 2307 exstitit.
2105 2271 2285 2315 Namque,
2310 2274 2352 2304 ut
2376 2274 2479 2304 recte
2505 2269 2635 2305 dicere

161 2338 369 2387 possumus,
393 2347 486 2386 tum,
511 2355 627 2388 quum
652 2342 824 2378 Tiberius
848 2343 970 2377 tribus
995 2342 1195 2388 triumphis
1211 2346 1408 2378 contentus
1433 2343 1512 2386 fuit,
1537 2343 1659 2378 adhuc
1685 2346 1825 2387 septem
1843 2342 2043 2387 triumphis
2060 2341 2196 2388 dignus
2221 2343 2312 2376 erat.
2351 2338 2496 2385 Dignus
2511 2337 2635 2373 adhuc

161 2415 242 2448 erat
265 2412 311 2448 iis
335 2412 554 2456 honoribus,
580 2422 673 2458 quos
698 2423 825 2448 omnes
850 2411 987 2448 habere
1013 2412 1144 2448 noluit.

367 2483 531 2521 Prodeat
554 2483 592 2518 in
617 2481 782 2517 medium
808 2480 848 2516 L.
874 2483 1052 2518 Annaeus
1077 2481 1211 2518 Florus
1238 2487 1276 2519 et
1301 2495 1395 2530 quos
1419 2484 1532 2519 habet
1555 2483 1657 2518 locos
1682 2483 1730 2518 ad
1756 2482 2019 2518 stabiliendam
2045 2481 2252 2516 doctrinam
2278 2479 2534 2524 propositam,
2573 2490 2636 2514 eos

159 2553 344 2589 ostendat.
392 2552 527 2589 Florus
552 2552 651 2588 enim
674 2551 801 2588 omnia
824 2551 963 2597 raptim
988 2551 1199 2599 designans,
1224 2564 1299 2589 non
1324 2554 1475 2600 copiose
1498 2563 1666 2597 narrans,
1691 2564 1712 2588 a
1737 2563 1804 2588 suo
1829 2556 2000 2598 tempore
2036 2550 2191 2596 respicit
2225 2548 2431 2594 praeterita
2462 2552 2637 2594 tempora

159 2624 198 2657 et
221 2632 279 2656 res
305 2624 429 2669 gestas
454 2632 657 2667 earumque
680 2631 810 2658 causas
835 2622 1001 2658 breviter
1024 2622 1190 2666 exponit,
1214 2633 1349 2667 parum
1370 2633 1503 2657 curans
1517 2633 1808 2666 nonnumquam,
1834 2632 1908 2665 quo
1923 2620 2054 2655 ordine
2068 2631 2120 2662 ea,
2146 2629 2241 2663 quae
2256 2618 2476 2660 admiratur,
2502 2619 2635 2662 peragi

157 2691 361 2735 potuerint.
410 2691 491 2736 Quo
517 2704 629 2727 sensu
653 2695 863 2728 commotus
888 2703 964 2727 non
990 2691 1182 2734 abstinuit,
1208 2692 1299 2736 quin
1323 2692 1530 2737 perfectum
1555 2692 1787 2727 coniunctivi
1807 2690 2003 2733 scriberet,
2029 2687 2130 2734 quod
2155 2698 2230 2724 non
2255 2697 2384 2723 omnes
2407 2686 2490 2732 pari
2508 2696 2636 2721 amore

157 2759 428 2805 amplexentur.
475 2763 519 2797 In
543 2762 608 2797 lib.
633 2763 666 2799 3.
693 2773 725 2797 c.
749 2763 795 2798 20
818 2762 911 2798 haec
935 2761 1050 2798 verba
1074 2760 1252 2808 legimus:

225 2816 230 2823 *
522 2829 669 2867 Bellum
695 2829 877 2877 Spartaco
904 2829 999 2866 duce
1024 2828 1256 2865 concitatum
1280 2840 1355 2876 quo
1381 2829 1530 2865 nomine
1554 2827 1752 2874 appellem,
1787 2827 1933 2870 nescio;
1959 2827 2099 2872 quippe
2124 2837 2241 2872 quum
2257 2826 2357 2861 servi
2374 2824 2632 2866 militaverint,

430 2899 659 2946 gladiatores
683 2901 961 2947 imperaverint,
985 2901 1042 2936 illi
1065 2900 1216 2937 infimae
1239 2900 1352 2935 sortis
1366 2900 1544 2942 homines,
1569 2899 1607 2933 hi
1621 2898 1821 2943 pessimam
1846 2908 1984 2932 auxere
2008 2896 2173 2931 ludibrio
2199 2895 2463 2930 calamitatem.

362 2967 482 3004 Nemo
521 2969 631 3005 facile
660 2970 700 3006 in
724 2982 806 3006 eam
831 2971 938 3007 verbi
963 2971 1139 3016 formam,
1163 2982 1277 3016 quam
1300 2970 1363 3006 hic
1386 2969 1602 3015 reperimus,
1626 2967 1780 3010 incidet,
1804 2966 1881 3011 sed,
1905 2966 1936 3001 si
1960 2966 2083 3001 minus
2107 2962 2519 3011 plusquamperfectum
2544 2974 2633 2999 con·

153 3038 313 3075 iunctivi
348 3038 588 3086 probaverit,
623 3040 886 3087 imperfectum
911 3040 1077 3078 eiusdem
1101 3039 1205 3077 modi
1229 3051 1304 3077 non
1328 3041 1489 3088 spernet.
1551 3036 1595 3073 ld
1631 3041 1797 3084 tempus,
1835 3046 1910 3082 quo
1946 3038 2079 3072 auctor
2110 3034 2200 3072 libri
2229 3045 2318 3070 usus
2343 3036 2418 3080 est,
2449 3031 2633 3070 iudicium

152 3106 200 3144 <10
223 3106 296 3143 illis
322 3107 429 3145 bellis
454 3111 569 3155 atque
591 3108 903 3157 expeditionibus
927 3109 1069 3147 factum
1086 3109 1227 3156 optime
1244 3108 1418 3157 designat
1433 3118 1554 3154 neque
1570 3106 1618 3142 ad
1635 3117 1696 3141 eas
1714 3116 1774 3141 res
1791 3104 2018 3149 extenditur,
2043 3116 2140 3152 quae
2156 3115 2204 3140 ex
2219 3105 2286 3140 illo
2302 3103 2406 3140 fonte
2422 3108 2632 3139 manarunt.
