2899 3532
1299 226 1574 269 -13-

471 360 569 406 sint,
622 373 715 408 quas
772 362 913 408 partim
959 373 1043 399 mea
1089 361 1289 410 diligentia
1331 361 1549 407 devitarim,
1589 362 1728 408 partim
1777 362 1983 398 amicorum
2034 344 2162 398 studio
2220 361 2424 408 officioque
2468 361 2687 408 repulerim,

471 442 664 477 nunquam
687 434 815 468 tamen
838 442 961 479 neque
984 434 1133 468 tantum
1156 431 1368 479 perieulum
1391 431 1486 468 mihi
1508 431 1614 468 adire
1637 432 1739 467 visus
1765 443 1859 478 sum,
1884 443 2006 479 neque
2028 435 2229 479 tantopere
2252 431 2443 479 pertimui,
2469 434 2512 467 ut
2534 432 2574 467 in
2596 431 2682 478 ipso

470 500 625 537 iudicio.

404 569 477 615 Qui
500 569 694 617 vulgarem
721 569 872 607 dicendi
895 570 1080 607 rationem
1103 568 1275 615 sequitur
1298 580 1457 616 eamque
1480 569 1528 605 ad
1552 569 1885 617 grammaticorum
1916 574 2121 618 praecepta
2149 569 2313 606 maxime
2346 568 2681 612 accommodatam,

194 651 264 688 pro
288 639 417 676 verbis
441 639 563 675 factae
586 639 663 674 sint
686 639 803 675 verba
826 639 947 676 factae
966 641 1095 676 ‘essent
1118 639 1285 675 scribere
1308 649 1398 674 sane
1421 649 1497 674 nou
1522 638 1724 674 dubitabit.
1773 637 1893 674 Nemo
1919 639 2018 674 enim
2042 639 2195 686 ignorat
2218 638 2375 674 Verrem
2400 637 2556 673 insidias
2572 637 2687 683 prius

192 708 367 745 Ciceroni
403 707 604 751 struxisse,
642 718 755 753 quam
790 707 891 743 hunc
920 707 1175 752 pertimuisse,
1209 718 1256 742 ne
1286 708 1360 743 sibi
1391 708 1601 753 periculum
1632 708 1806 743 omnibus
1842 708 1993 754 gravius
2028 712 2236 754 pararetur.
2284 707 2418 743 Cicero
2443 711 2588 749 autem,
2613 705 2680 750 qui

194 774 363 823 perfecto
396 786 510 822 quam
539 774 911 822 plusquamperfecto
943 774 1175 811 coniunctivi
1208 786 1263 822 uti
1293 776 1444 820 maluit,
1474 775 1513 812 in
1542 775 1676 822 rapido
1701 775 1883 812 orationis
1909 787 2020 812 cursu
2045 787 2119 812 non
2144 776 2369 813 recordatur
2392 775 2453 812 vel
2479 773 2676 812 recordari

195 856 274 881 11011
296 844 459 888 videtur,
482 847 568 879 utra
590 856 650 879 res
675 843 789 880 fuerit
811 845 928 890 prior,
953 843 1046 890 quid
1069 843 1260 889 acciderit,
1285 849 1329 880 ut
1353 844 1508 880 Verrem
1532 846 1832 891 pertimesceret3
1857 845 1923 881 sed
1948 846 2099 893 longam
2123 847 2307 881 scelerum
2323 857 2421 881 areo
2438 838 2679 892 patratorum

193 916 331 951 seriem
366 915 516 950 intuens
553 925 634 957 eos,
672 915 737 959 qui
772 914 950 958 audiunt,
985 917 1162 959 reputare
1185 915 1307 959 iubet,
1339 915 1431 960 quid
1473 916 1710 960 potissimum
1735 927 1822 950 reus
1848 915 1990 959 fecerit,
2015 921 2057 952 ut
2083 917 2291 952 accusatori
2316 919 2481 951 noceret.
2530 914 2679 956 Orator,

194 983 306 1031 quasi
330 995 410 1020 rem
435 983 484 1019 ad
508 995 617 1020 suum
640 987 801 1029 tempus,
825 982 873 1019 ad
887 994 972 1019 eum
997 982 1107 1028 diem,
1133 995 1208 1029 quo
1222 983 1400 1031 loquitur,
1424 984 1644 1031 perductam
1669 989 1829 1028 enarret,
1861 988 1983 1021 totum
2001 988 2161 1031 tempus,
2186 997 2260 1032 qno
2275 986 2374 1021 facta
2391 996 2471 1021 esse
2487 983 2679 1020 existima-

196 1059 280 1099 tur,
319 1055 444 1090 animo
480 1053 773 1100 complectitur..
805 1052 913 1099 Quod
946 1053 1086 1089 tactum
1111 1065 1191 1090 esse
1215 1057 1375 1099 constat,
1397 1054 1437 1090 id
1463 1054 1574 1090 etiam
1598 1058 1679 1091 tum
1703 1054 1846 1090 sactum
1870 1065 1951 1090 esse
1974 1058 2135 1101 poterat,
2160 1067 2275 1101 quum
2299 1054 2401 1090 aliud
2427 1052 2519 1100 quid
2544 1051 2681 1088 evenit.

196 1125 393 1160 Ciceronis
419 1124 622 1169 praecipue
645 1123 804 1158 interest
827 1123 984 1158 insidias
1008 1123 1082 1158 sibi
1106 1134 1193 1158 vere
1217 1123 1334 1159 factas
1360 1134 1457 1167 esse3
1488 1135 1564 1158 non
1587 1124 1628 1158 id
1652 1125 1752 1170 agit,
1777 1128 1820 1158 ut
1844 1135 1994 1160 causam
2019 1124 2165 1159 timoris
2189 1125 2247 1159 sui
2271 1127 2357 1159 ante
2381 1124 2482 1158 hunc
2505 1122 2682 1157 timorem

194 1197 320 1230 ortam
344 1205 424 1229 esse
449 1192 634 1228 ostendat.

405 1262 552 1309 Dignus
577 1265 649 1306 est,
672 1261 738 1307 qui
761 1260 835 1297 huc
859 1260 1047 1305 afferatur,
1072 1262 1177 1298 locus
1203 1273 1248 1298 ex
1276 1261 1517 1298 Verrinarum
1542 1262 1605 1298 lib.
1629 1264 1663 1306 4,
1688 1273 1719 1299 c.
1745 1262 1790 1299 58
1816 1261 2050 1308 desumptus:

568 1331 678 1376 Quod
702 1334 827 1367 autem
852 1335 909 1366 est
933 1331 981 1365 ad
1007 1331 1206 1367 introitum
1234 1332 1356 1375 Ponti,
1379 1331 1429 1374 id,
1455 1344 1569 1377 quum
1594 1320 1670 1367 tam
1695 1332 1815 1366 multa
1840 1344 1887 1366 ex
1903 1332 1968 1366 1110
1986 1332 2081 1366 mari
2099 1332 2198 1366 bella
2215 1332 2443 1374 emerserint,
2466 1335 2544 1366 tam
2560 1330 2681 1365 multa

476 1412 590 1447 porro
616 1400 654 1435 in
678 1400 841 1436 Pontum
865 1400 1014 1436 invecta
1038 1400 1124 1444 sint,
1149 1411 1267 1446 usque
1291 1400 1339 1435 ad
1363 1400 1460 1436 hanc
1486 1400 1583 1435 diem
1608 1401 1799 1448 integrum
1823 1400 2121 1447 inviolatumque
2147 1403 2335 1437 servatum
2359 1404 2425 1437 est.

408 1471 540 1506 Cicero
565 1470 611 1504 de
636 1470 759 1504 tribus
782 1469 888 1504 Jovis
913 1469 1155 1514 Imperatoris
1180 1469 1297 1514 signis
1323 1468 1427 1512 dicit,
1453 1480 1612 1513 quorum
1638 1481 1765 1513 unum,
1790 1469 1885 1503 illud
1908 1469 2206 1513 Macedonicum,
2231 1480 2279 1504 ex
2303 1469 2395 1504 aede
2420 1481 2487 1504 sua
2511 1470 2679 1504 ablatum

196 1545 238 1579 et
262 1542 405 1578 Romae
438 1541 477 1576 in
508 1540 678 1576 terrestri
701 1539 806 1575 Jovis
832 1539 1022 1574 domicilio
1049 1539 1224 1584 positum,
1249 1540 1409 1575 alterum
1434 1539 1473 1574 in
1498 1539 1608 1574 Ponti
1634 1551 1698 1574 ore
1723 1544 1761 1575 et
1785 1540 1970 1585 angustiis
1995 1539 2119 1584 fuisse,
2143 1542 2307 1583 tertium,
2332 1540 2435 1585 quod
2460 1539 2685 1584 Syracusani

196 1610 388 1648 coluerint
412 1609 655 1656 advenaeque
679 1608 846 1654 viserint,
871 1620 893 1644 a
920 1608 1035 1645 Verre
1059 1607 1106 1644 de
1130 1607 1234 1644 Jovis
1260 1608 1400 1654 templo
1426 1608 1614 1644 sublatum
1638 1621 1718 1645 esse
1743 1609 1870 1645 refert.

407 1679 548 1723 Cicero,
573 1678 639 1724 qui
663 1678 757 1713 illud
782 1662 932 1724 signum
958 1676 1006 1712 ad
1031 1688 1137 1712 suam
1161 1681 1322 1713 aetatem
1346 1677 1426 1713 sine
1452 1677 1526 1712 ullo
1552 1677 1689 1713 damno
1714 1681 1904 1713 servatum
1922 1677 2027 1722 dicit,
2053 1689 2110 1713 res
2129 1678 2303 1723 reliquas,
2330 1690 2426 1724 quae
2445 1678 2493 1714 ad
2510 1677 2550 1714 id
2566 1678 2682 1724 perti·

197 1753 314 1792 nent,
345 1760 421 1783 non
455 1752 512 1783 est
541 1749 719 1791 dubium,
754 1748 845 1792 quin
877 1751 963 1782 ante
988 1758 1069 1781 eam
1107 1747 1220 1790 diem,
1258 1758 1371 1791 quam
1395 1747 1552 1791 indicat,
1583 1747 1767 1781 accidisse
1793 1747 1938 1782 doceat.
1987 1748 2059 1792 Qui
2084 1759 2208 1783 rerum
2234 1752 2402 1783 actarum
2428 1748 2611 1791 ordinem,
2636 1752 2679 1783 ut

199 1818 402 1854 historicos
428 1817 548 1861 decet,
571 1817 787 1852 narratione
813 1819 990 1851 accurata
1014 1816 1255 1861 persequitur
1278 1827 1402 1860 neque
1427 1816 1540 1859 aliud,
1566 1828 1678 1860 quam
1703 1816 1928 1861 simpliciter
1952 1817 2131 1851 narrandi
2155 1817 2352 1852 consilium
2377 1818 2542 1863 peragit,
2579 1817 2683 1862 plus-

197 1886 484 1932 quamperfecto
523 1886 753 1921 coniunctivi
790 1886 935 1930 potius,
969 1896 1081 1930 quam
1115 1884 1283 1929 perfecto
1317 1885 1497 1919 utendum
1530 1897 1611 1920 esse
1643 1887 1887 1921 existimabit.
1937 1886 2070 1930 Itaque
2099 1886 2191 1921 haec
2216 1886 2405 1921 Ciceronis
2431 1887 2627 1929 sententia,
2651 1887 2684 1921 si

199 1955 315 1992 verba
341 1956 394 1991 ita
418 1958 562 1990 mutata
585 1954 755 1990 haberet:
790 1966 906 2000 quum
935 1958 1013 1990 tam
1043 1954 1162 1990 multa
1195 1966 1241 1989 ex
1272 1954 1336 1989 illo
1375 1955 1470 1989 mari
1495 1955 1593 1990 bella
1619 1955 1872 1999 emersissent,
1898 1959 1975 1990 tam
2001 1955 2119 1990 multa
2142 1966 2258 2000 porro
2284 1955 2322 1990 in
2348 1956 2507 1991 Pontum
2532 1956 2684 1992 invecta

194 2029 332 2069 essent,
357 2025 652 2070 vituperatorem
678 2024 867 2059 inveniret
890 2023 1043 2059 nullum.
1094 2023 1263 2060 Oratoris
1290 2023 1412 2070 digito
1438 2023 1533 2060 hanc
1558 2024 1676 2069 ipsam
1703 2024 1801 2059 diem
1828 2026 2071 2061 monstrantis
2096 2025 2215 2060 maior
2241 2025 2296 2060 vis
2322 2028 2393 2068 est,
2417 2037 2529 2071 quam
2554 2037 2683 2061 narra-

194 2098 323 2130 torum
348 2105 452 2129 more
478 2093 636 2128 dicentis
662 2097 697 2129 et
723 2093 842 2128 relata
866 2093 1072 2128 referentis.

406 2165 466 2199 Ad
497 2176 656 2209 sequens
694 2164 860 2199 eiusdem
892 2164 980 2198 libri
1006 2167 1121 2209 caput
1145 2164 1404 2210 progredienti
1429 2165 1532 2199 locus
1558 2165 1659 2198 haud
1684 2166 1807 2199 minus
1834 2165 1982 2209 dignus,
2008 2176 2120 2209 quem
2146 2176 2488 2208 commemoremus,
2514 2166 2683 2200 occurrit

195 2235 256 2271 1118
281 2235 407 2271 verbis
432 2235 606 2281 insignis:

566 2302 661 2339 Mihi
686 2302 839 2348 credite,
863 2302 1005 2339 iudices
1031 2303 1193 2349 (tametsi
1219 2307 1362 2339 vosmet
1386 2303 1487 2348 ipsos
1512 2303 1602 2338 haec
1628 2303 1758 2339 eadem
1783 2303 1915 2338 audire
1941 2306 2044 2338 certo
2071 2303 2163 2347 seio)
2183 2314 2297 2347 quum
2311 2302 2447 2338 multas
2463 2303 2681 2349 acceperint

474 2384 541 2418 per
571 2372 684 2407 hosce
715 2383 831 2406 annos
867 2373 959 2407 socii
990 2376 1103 2417 atque
1137 2375 1286 2407 exterae
1318 2372 1488 2406 nationes
1515 2371 1744 2407 calamitates
1771 2377 1808 2407 et
1832 2372 1998 2416 iniurias,
2024 2372 2142 2406 nullas
2170 2371 2302 2407 Graeci
2328 2371 2495 2407 homines
2521 2373 2675 2418 gravius

474 2442 643 2477 tulerunt
667 2453 788 2486 neque
813 2441 948 2485 ferunt,
974 2453 1088 2487 quam
1111 2441 1369 2476 huiuscemodi
1395 2442 1636 2485 spoliationes
1660 2441 1831 2475 fanorum
1858 2446 1970 2486 atque
1996 2441 2232 2485 oppidorum.

407 2510 510 2546 Haec
537 2522 687 2556 quoque
711 2510 827 2546 verba
850 2510 903 2546 ita
928 2514 1147 2555 comparata
1172 2514 1268 2554 sunt,
1294 2513 1336 2546 ut
1360 2522 1413 2554 ea,
1440 2522 1535 2556 quae
1559 2511 1653 2545 80011
1678 2514 1793 2555 atque
1817 2516 1966 2546 exterae
1992 2511 2159 2546 nationes
2178 2509 2319 2544 malitia
2334 2509 2460 2545 Verris
2477 2521 2681 2555 perpessae

193 2582 296 2624 sunt,
322 2584 409 2626 post
432 2579 505 2614 alia
531 2579 628 2614 mala
653 2579 697 2614 iis
722 2579 900 2625 imposita
924 2590 1004 2614 esse
1027 2578 1235 2615 videantur.
1272 2579 1406 2625 Itaque
1424 2579 1517 2615 nihil
1534 2578 1775 2626 impediebat,
1802 2579 1893 2626 quin
1912 2579 2041 2616 Cicero
2060 2577 2427 2625 plusquamperfecto
2446 2579 2680 2617 coniunctivi

195 2653 377 2692 uteretur,
404 2661 520 2693 quum
544 2649 778 2693 accepissent
801 2652 839 2683 et
858 2660 952 2693 quae
969 2652 1170 2693 sequntur;
1194 2648 1362 2693 perfecto
1381 2652 1506 2683 autem
1526 2660 1613 2682 usus
1634 2652 1705 2692 est,-
1727 2650 1829 2694 quod
1851 2662 1930 2684 rem
1948 2650 1993 2683 ad
2008 2649 2210 2693 praeterita
2227 2653 2398 2692 tempora
2411 2650 2678 2694 pertinentem,

194 2719 306 2764 quasi
343 2719 441 2754 inter
469 2718 691 2754 novissimas
728 2717 924 2754 referenda
960 2721 1069 2761 esset,
1105 2717 1230 2753 verbis
1262 2717 1474 2762 perspicuis
1499 2717 1689 2752 illustrare
1713 2718 1902 2763 cupiebat.
1952 2717 2131 2763 Negleeta
2158 2716 2436 2761 quodammodo
2462 2723 2678 2763 temporum

192 2787 482 2830 consecutione,
518 2798 617 2831 rem,
655 2798 751 2833 quae
788 2787 852 2822 alii
877 2787 932 2822 rei
956 2785 1201 2822 illustrandae
1225 2788 1315 2831 apta
1339 2789 1438 2829 erat,
1463 2789 1568 2821 extra
1592 2788 1806 2831 temporum
1832 2787 1963 2822 seriem
1989 2786 2187 2821 collocavit
2212 2789 2249 2820 et
2273 2786 2312 2820 in
2337 2797 2380 2821 eo
2407 2787 2609 2832 acquievit,
2638 2791 2682 2824 ut

199 2856 397 2897 peractam
424 2865 503 2889 esse
527 2853 680 2889 diceret.

408 2923 451 2958 In
477 2923 657 2958 orationis
682 2934 752 2967 pro
778 2923 914 2958 Roscio
940 2924 1118 2958 Amerino
1144 2923 1295 2958 habitae
1320 2935 1352 2958 0.
1376 2926 1421 2959 45
1446 2924 1539 2959 haec
1563 2926 1679 2959 verba
1703 2928 1867 2959 exstant:

591 2990 676 3038 Ego
712 2991 805 3028 haec
842 3003 863 3027 a
888 2991 1149 3039 Chrysogono,
1186 3003 1268 3028 mea
1293 2996 1439 3038 sponte,
1463 2997 1608 3029 remoto
1635 2993 1719 3030 Sex.
1745 2993 1892 3037 Roscio,
1917 3005 2067 3039 quaero,
2091 2993 2265 3038 primum,
2291 3005 2408 3039 quare
2432 2994 2524 3030 civis
2549 2996 2687 3041 optimi

473 3059 573 3094 bona
598 3060 794 3108 venierint,
819 3060 968 3105 deinde,
995 3071 1110 3106 quare
1135 3061 1295 3097 hominis
1321 3061 1411 3107 eius,
1437 3062 1502 3109 qui
1526 3073 1650 3109 neque
1674 3062 1908 3108 proscriptus
1926 3072 2048 3107 neque
2071 3060 2172 3108 apud
2191 3061 2424 3098 adversarios
2443 3063 2590 3101 occisus
2612 3068 2681 3111 est,

471 3129 572 3164 bona
597 3130 795 3175 venierint,
820 3142 936 3176 quum
961 3131 1000 3166 in
1025 3142 1089 3166 eos
1114 3131 1174 3167 lex
1198 3131 1342 3177 scripta
1367 3132 1428 3167 sit.

405 3196 600 3235 Contendo
630 3198 763 3236 ultima
790 3199 907 3236 verba
941 3200 1150 3246 perfectum
1180 3200 1413 3237 coniunctivi
1437 3205 1524 3248 post
1548 3202 1851 3238 coniunctionem
1877 3212 1992 3246 quum
2017 3202 2250 3238 continentia
2282 3214 2305 3238 a
2329 3203 2478 3250 vulgari
2504 3205 2585 3240 eius
2610 3216 2684 3241 usu
